1986 2679
844 275 1093 312 -29-

228 376 362 413 hardt
394 378 460 419 ¹⁸),
487 376 619 423 Quoy
648 380 686 409 et
713 372 933 410 Gaimard
966 372 1031 420 ¹⁰),
1070 372 1359 408 Eschscholz
1387 373 1455 421 ²⁰),
1490 372 1705 409 Graven-

227 439 354 474 horst
374 439 443 481 ²¹),
471 435 774 482 Ehrenberg,
800 433 881 478 alii,
920 433 1163 470 Coralliorum
1190 434 1460 471 lamellosorum
1488 434 1623 470 incolas
1651 433 1706 468 vi-

229 499 363 534 derunt
391 503 427 533 et
454 496 740 544 descripserunt.
801 495 860 531 Ex
887 495 1055 531 omnibus
1082 502 1204 531 autem
1233 507 1360 531 eorum
1388 494 1706 531 observationibus

228 564 339 608 patet,
367 560 495 595 horum
515 557 758 594 Coralliorum
777 556 956 600 animalia,
984 557 1053 592 etsi
1081 557 1198 593 forma
1225 560 1261 591 et
1279 555 1404 591 habitu
1432 557 1515 603 plus
1534 555 1705 591 minusve

229 619 377 655 diversa
397 619 479 660 sint,
507 631 671 667 magnam
692 623 812 654 tamen
832 617 1048 654 affinitatem
1069 630 1150 654 cum
1177 616 1333 653 Actiniis
1352 621 1390 652 et
1407 628 1488 652 cum
1506 615 1707 652 CavolIniis

230 680 363 715 habere
392 685 428 714 et
455 679 492 714 in
529 678 790 715 distributione
826 678 984 713 naturali
1023 677 1233 713 animalium
1261 678 1297 714 in
1333 690 1446 714 unum
1475 677 1707 724 eundemque

229 740 394 776 ordinem
423 753 504 776 cum
533 740 589 776 his
608 739 815 788 Zoophytis
843 739 1036 774 referenda
1064 751 1156 775 esse.

329 801 436 843 Quod
465 800 511 836 de
539 800 781 836 Coralliorum
817 800 1075 836 distributione
1113 800 1358 849 geographica
1379 799 1456 849 jam
1484 805 1590 836 antea
1619 798 1708 842 dixi,

233 873 361 897 eorum
400 861 544 909 species
591 861 689 896 enim
737 873 756 896 a
789 860 950 896 maribus
988 861 1339 909 septentrionalibus
1378 860 1542 908 incipere
1591 863 1627 894 et
1662 859 1708 894 ad

231 921 343 958 maria
382 920 635 957 meridionalia
669 927 779 970 atque
806 922 979 958 australia
1014 923 1215 970 procedere
1242 927 1352 970 atque
1379 933 1526 969 semper
1552 932 1706 956 numero

229 981 378 1029 augeri,
403 981 441 1017 in
468 980 525 1017 his
552 986 674 1017 autem
703 982 863 1018 maribus
890 982 1083 1018 maximam
1110 994 1238 1019 eorum
1273 982 1413 1030 copiam
1442 980 1612 1029 reperiri,
1640 981 1707 1016 hoc

231 1042 339 1078 etiam
382 1047 419 1078 et
454 1042 636 1091 imprimis
673 1044 718 1079 de
756 1044 1016 1079 distributione
1055 1045 1336 1092 Zoophytorum
1372 1043 1643 1078 lamellosorum
1683 1054 1710 1077 s.

232 1103 577 1152 Madreporinorum
608 1105 742 1147 valere,
771 1104 895 1151 liquet.
947 1105 1058 1140 Otto
1091 1104 1339 1140 Fabricius
1378 1103 1415 1139 in
1443 1103 1573 1139 Fauna
1599 1107 1709 1149 gron-

234 1164 374 1200 landica
403 1171 480 1200 tres
511 1165 813 1213 Madreporarum
842 1164 985 1213 species
1014 1165 1222 1213 ‹lescripsitg
1250 1165 1506 1212 Madreporam
1539 1174 1709 1199 verruca-

234 1225 337 1266 riam,
366 1225 408 1260 L.
437 1229 550 1272 (quae
577 1225 731 1274 species,
758 1219 796 1260 ni
824 1225 940 1269 fallor,
968 1225 1157 1262 Orbulites
1184 1225 1394 1273 marginalis
1434 1222 1711 1266 Lamarckii,

235 1290 322 1327 est),
343 1285 510 1333 Madrep.
529 1286 773 1321 damicornem
791 1285 848 1328 (22)
869 1290 905 1321 et
918 1286 1083 1334 Madrep.
1101 1286 1329 1335 parasiticam
1344 1285 1406 1333 (22)-
1416 1285 1460 1321 Ο.
1473 1285 1517 1320 F.
1538 1284 1574 1320 Μ
1588 1283 1710 1320 ϋΙΙθι·

233 1345 269 1380 in
299 1345 495 1393 Zoologiae
523 1346 672 1381 danicae
694 1346 896 1382 Prodromo
922 1358 991 1382 sex
1018 1347 1161 1395 speeies
1182 1348 1329 1395 generis
1350 1346 1592 1394 Madreporae
1619 1356 1710 1380 enu-

235 1405 407 1449 meravit,
444 1406 701 1454 Madreporam
729 1418 861 1453 nempe
888 1405 1175 1450 interstinctam,
1216 1407 1267 1443 M.
1294 1405 1539 1443 damicornem
1562 1405 1632 1449 (22),
1659 1404 1711 1440 Μ.

236 1467 448 1503 muricatam
465 1468 534 1511 (22),
554 1470 603 1502 M.
623 1468 848 1516 proliseram‚
869 1467 918 1502 M.
938 1467 1140 1515 virgineam
1161 1472 1198 1503 et
1217 1467 1268 1503 M.
1286 1478 1444 1502 rameam
1459 1465 1529 1508 (ἓ).
1565 1464 1712 1500 Linne

234 1528 271 1563 in
310 1528 437 1563 Fauna
471 1528 615 1564 suecica
642 1534 678 1563 et
706 1528 742 1564 in
770 1528 1027 1564 dissertatione
1055 1529 1101 1564 de
1129 1527 1298 1564 Coralliis
1327 1527 1480 1563 Balticis
1507 1530 1555 1569 2²)
1583 1527 1710 1575 plures

236 1587 347 1636 hujus
364 1589 510 1636 generis
531 1589 673 1637 species
692 1588 839 1633 indicat,
867 1601 961 1637 quae
980 1594 1114 1633 autem,
1152 1593 1308 1637 excepta
1335 1588 1488 1624 forsitan
1509 1588 1626 1624 Madr.
1653 1599 1708 1624 ra-

236 1662 314 1685 mea
334 1649 390 1692 (in
407 1662 542 1686 oceano
555 1649 762 1697 norvegicO,
780 1655 874 1686 teste
894 1650 1087 1695 Linneo,
1106 1649 1322 1694 habitante),
1342 1649 1387 1685 ad
1403 1648 1546 1697 species
1561 1647 1709 1684 fossiles

242 1829 283 1864 16)
307 1829 480 1868 Zoological
502 1830 691 1867 Miscellany.
735 1830 800 1860 Vol.
823 1830 843 1860 1.
885 1829 979 1860 Lond.
1003 1830 1087 1861 1814.
1110 1830 1137 1860 8.
1160 1839 1187 1868 p.
1211 1830 1278 1861 133.
1322 1830 1394 1862 Tah.
1416 1832 1462 1861 59.

242 1880 284 1915 Π)
306 1881 458 1920 Zoologic.
480 1882 582 1912 Journ.
608 1883 670 1913 Vol.
691 1883 737 1912 III.
761 1882 826 1912 Jan.
851 1882 936 1913 1827.
979 1883 1063 1921 Aprl.
1088 1882 1173 1914 1828.
1215 1883 1257 1914 Cf.
1280 1882 1470 1920 Froriep's
1491 1880 1584 1912 Notiz.
1629 1879 1710 1909 Tom.

318 1933 364 1962 27.
387 1941 429 1963 nr.
454 1934 498 1964 11.
522 1934 606 1964 1830.
630 1943 657 1973 p.
684 1935 746 1973 161,
769 1943 836 1973 sqq.
880 1934 953 1965 Cum
975 1935 1022 1973 fig.

241 1983 286 2023 ¹⁹)
309 1985 353 2015 Dc
382 1985 570 2016 Animalibus
603 1985 783 2025 quibusdam
806 1994 822 2015 e
845 1986 944 2016 classe
974 1986 1127 2017 vermium
1156 1986 1322 2016 Linneano.
1363 1983 1408 2013 In:
1443 1982 1517 2012 Nov.
1541 1986 1597 2014 act.
1619 1980 1712 2012 Acad.

317 2036 459 2075 Leopold.
483 2036 580 2068 Carol.
602 2037 705 2068 Natur.
729 2037 844 2068 Curios.
888 2038 970 2068 Tom.
993 2038 1027 2068 X.
1069 2038 1163 2069 Bonn.
1187 2038 1274 2068 1821.
1296 2036 1324 2066 4.
1347 2043 1374 2074 p.
1398 2033 1464 2065 370.
1487 2033 1560 2064 Tab.
1583 2032 1712 2063 XXXIII.

318 2087 379 2120 Pin.
404 2088 429 2118 1.
454 2088 485 2118 Β,

248 2139 292 2176 ¹⁹)
314 2139 360 2169 In:
385 2139 604 2178 Freycinet,
628 2140 754 2179 voyage
776 2144 885 2171 autour
908 2141 948 2172 du
969 2140 1094 2171 Monde.
1135 2139 1296 2178 Zoologie3
1319 2142 1347 2168 et
1368 2139 1412 2168 in:
1435 2137 1598 2167 Dumont
1621 2133 1714 2165 d'Ur-

318 2189 409 2220 ville
434 2190 559 2229 Voyage
582 2190 619 2220 de
641 2191 847 2223 Decouvertes
871 2192 909 2223 de
931 2191 1121 2223 l’Astrolabe.
1163 2190 1317 2229 Zoologie.
1361 2189 1442 2219 Tom.
1467 2188 1515 2219 IV.

242 2242 287 2278 ²⁰)
309 2242 356 2272 In:
380 2241 506 2272 Oken's
528 2243 597 2273 lsiS.
620 2243 703 2274 1825.
726 2244 784 2274 ΗΠ.
808 2245 834 2275 6.
858 2253 885 2283 p.
908 2246 973 2283 745,
997 2252 1063 2283 sqq.
1106 2242 1178 2273 Tab.
1200 2243 1235 2273 V.
1256 2241 1318 2280 Fig.
1342 2241 1387 2272 18.
1411 2241 1456 2271 19.

241 2292 289 2331 ²¹)
312 2293 499 2332 Tergestina.
541 2295 675 2326 Breslau.
701 2296 785 2327 1831.
806 2297 834 2327 S.
856 2305 883 2336 p.
908 2298 973 2335 147,
996 2304 1061 2335 sqq.

242 2343 290 2384 ²²)
313 2344 423 2376 vatin
434 2346 613 2377 Amoenitat.
627 2346 788 2377 academie.
811 2348 876 2378 Vol.
890 2348 910 2377 Ι.
932 2347 1009 2378 Edit.
1023 2343 1242 2377 Schreberi.
1264 2340 1525 2381 Erlang.1?87.8.
1547 2340 1633 2379 1187,
1646 2347 1712 2381 sqq.
