1986 2679
893 258 1116 292 -7—

270 356 451 408 suscepit
480 356 554 395 Dr.
584 356 775 410 Aloysius
806 355 960 409 Vogel,
982 355 1179 410 juridicae
1212 358 1288 399 Dr.
1316 358 1523 400 Henricus
1554 362 1744 411 Amman,

267 422 442 462 medicae
472 423 546 462 Dr.
575 421 770 475 Ignazius
802 422 1035 471 Schworer,
1065 423 1406 478 philosophorum
1435 427 1510 467 Dr.
1538 427 1744 481 Josepbus

269 489 525 529 Wetzer.—-
545 489 619 529 Dr.
650 489 904 529 Adalbertus
934 489 1082 538 Meier,
1111 490 1181 544 qui
1203 492 1293 546 jam
1322 507 1400 545 per
1429 493 1587 547 aliquot
1616 508 1745 535 annos

268 554 309 594 iu
340 555 537 595 facultate
566 555 803 609 theologica
832 555 975 596 literas
1007 556 1166 598 divinas
1196 559 1442 611 profitetur,
1486 560 1743 602 vocationem

268 620 548 661 universitatis
587 623 625 662 T
629 621 866 676 ubingensis
905 623 1174 664 honorificam
1215 626 1423 667 recusavit
1462 633 1503 667 et
1541 642 1567 667 a
1605 628 1745 669 Prin-

269 687 381 740 cipe
424 688 803 742 Benignissimo
844 687 1056 742 professor
1100 690 1208 732 illius
1253 693 1462 734 facultatis
1506 693 1744 736 ordinarius

267 754 502 795 nominatus
541 762 613 796 est.
680 755 873 796 Officium
913 758 1168 810 prosectoris
1199 757 1241 799 in
1269 761 1435 800 theatro
1475 762 1745 815 anthropoto·

269 819 378 861 mico
408 821 481 862 Dr.
512 823 623 863 Med.
652 823 890 864 Ludovicus
920 824 1087 873 Kobelt‚
1116 840 1198 879 quo
1228 841 1400 868 munere
1428 834 1525 868 ante
1555 843 1649 868 eum
1670 829 1748 868 Dr.

269 887 507 928 Alexander
529 890 679 939 Ecker,
710 904 817 930 nunc
847 889 887 930 in
917 890 1187 934 universitate
1209 894 1619 946 Ruperto-Carolina
1648 909 1744 948 pro-

269 961 430 1004 sector,
460 957 622 997 functus
651 964 763 1005 erat,
809 958 982 1012 accepit.
1011 959 1233 1000 Medicinae
1271 960 1362 1001 Dri.
1390 961 1574 1015 Josepho
1614 962 1744 1002 Brotz

270 1020 437 1062 licentia
462 1022 655 1076 privatim
688 1023 882 1064 scientias
913 1026 1100 1066 medicas
1129 1027 1309 1068 docendi
1337 1029 1440 1069 data
1469 1035 1542 1069 est.

382 1155 519 1196 Vitam
550 1171 643 1197 cum
675 1165 810 1197 morte
840 1160 1151 1200 commutabant
1181 1161 1257 1202 viri
1288 1163 1550 1204 celeberrimi
1580 1169 1622 1203 et
1645 1164 1743 1202 doc-

269 1220 428 1269 tissimi,
459 1237 635 1276 quorum
655 1225 871 1265 decessum
903 1224 1103 1280 lugemus,
1135 1228 1311 1269 Carolus
1332 1244 1358 1269 a
1390 1230 1585 1278 Rotteek,
1616 1229 1743 1269 facul—

269 1287 366 1327 tatis
378 1288 583 1342 juridicze,
614 1291 851 1331 Fridolinus
873 1292 1109 1345 Leopoldus
1135 1295 1332 1348 Spenner,
1362 1296 1548 1345 medicae,
1577 1302 1619 1336 et
1647 1294 1743 1336 Phi-

269 1353 403 1407 lippus
431 1356 591 1406 ReideL
622 1358 928 1412 philosophicae‚
960 1362 1218 1414 professores
1248 1362 1401 1416 publici
1431 1362 1645 1404 ordinarii.

378 1490 609 1531 Numerum
640 1493 923 1533 studiosorum
941 1502 1178 1537 nostrorum
1200 1496 1448 1537 diminutum
1478 1512 1581 1546 esse,
1603 1498 1741 1538 album

270 1555 557 1597 academicum
587 1557 757 1608 indicat,
788 1560 915 1614 idque
946 1576 1021 1614 per
1042 1563 1178 1604 varios
1209 1579 1330 1605 casus
1349 1580 1439 1605 esse
1459 1572 1743 1618 provocatum,

269 1621 474 1663 neminem
507 1639 648 1664 rerum
680 1634 918 1667 nostrarum
949 1629 1129 1681 peritum
1156 1630 1273 1684 sugit.
1331 1633 1416 1672 Sed
1446 1632 1548 1672 alias
1577 1646 1742 1686 quoque

268 1688 508 1732 Germaniae
524 1693 762 1734 academias
781 1708 861 1734 non
878 1695 931 1735 ab
952 1696 1100 1736 eodem
1118 1711 1199 1750 quo
1218 1705 1341 1737 antea
1361 1698 1643 1739 studiosorum
1669 1713 1741 1738 nu-

269 1769 387 1796 mero
416 1759 673 1812 frequentari
700 1768 871 1801 constat.
905 1763 1030 1815 Apud
1060 1776 1134 1802 nos
1164 1771 1303 1803 autem
1326 1764 1548 1820 singularis
1577 1779 1741 1819 quoque

269 1835 335 1863 res
365 1823 662 1877 impedimento
693 1834 767 1875 est,
797 1842 879 1881 quo
905 1828 1038 1869 minus
1068 1830 1307 1870 facultatem
1339 1831 1638 1884 philosophiam
1660 1846 1740 1872 non

269 1896 332 1929 tot
356 1890 641 1932 adolescentes
667 1894 912 1943 academici,
942 1903 1043 1949 quot
1067 1905 1162 1937 ante
1184 1899 1322 1951 plures
1343 1913 1470 1940 annos
1494 1900 1626 1940 literis
1652 1900 1740 1954 phi-

269 1956 449 2009 losophis
479 1957 519 1997 in
542 1958 822 2002 Universitate
846 1969 990 2003 nostra
1015 1977 1187 2017 operam
1216 1966 1383 2015 dabant,
1412 1967 1630 2009 celebrent.

383 2086 457 2125 Uti
482 2093 625 2136 antea,
658 2088 717 2129 ita
745 2090 872 2131 etiam
901 2105 1009 2133 anno
1042 2095 1273 2147 praeterito
1305 2097 1436 2138 multa
1469 2099 1668 2140 beneficia
1696 2098 1737 2139 in

271 2152 542 2194 Academiam
559 2162 742 2197 nostram
764 2172 790 2198 a
812 2159 1304 2202 Benevolentissimo
1318 2163 1557 2218 Principe
1578 2180 1740 2206 summa

270 2216 518 2261 liberalitate
553 2222 704 2264 collata
740 2232 842 2266 sunt.
911 2227 1098 2268 Plurium
1133 2230 1416 2284 professorum
1451 2232 1608 2273 salaria
1645 2240 1739 2274 sunt

271 2292 404 2326 aucta.
471 2289 793 2333 Collectionibus
831 2293 1111 2349 institutisque
1155 2298 1408 2341 academicis
1445 2306 1487 2340 et
1528 2299 1737 2355 praecipue
