<?xml version="1.0" encoding="UTF-8"?>
<!DOCTYPE html PUBLIC "-//W3C//DTD XHTML 1.0 Transitional//EN"
    "http://www.w3.org/TR/xhtml1/DTD/xhtml1-transitional.dtd">
<html xmlns="http://www.w3.org/1999/xhtml" xml:lang="en" lang="en">
 <head>
  <title>
</title>
<meta http-equiv="Content-Type" content="text/html;charset=utf-8" />
  <meta name='ocr-system' content='tesseract 3.04.00' />
  <meta name='ocr-capabilities' content='ocr_page ocr_carea ocr_par ocr_line ocrx_word'/>
</head>
<body>
  <div class='ocr_page' id='page_1' title='image "./observationeszoo00leuc_0043.png"; bbox 0 0 1986 2679; ppageno 0'>
   <div class='ocr_carea' id='block_1_1' title="bbox 835 279 1084 318">
    <p class='ocr_par' dir='ltr' id='par_1_1' title="bbox 835 279 1084 318">
     <span class='ocr_line' id='line_1_1' title="bbox 835 279 1084 318; baseline 0.008 -10"><span class='ocrx_word' id='word_1_1' title='bbox 835 279 1084 318; x_wconf 83' lang='lat'><strong>—39—</strong></span> 
     </span>
    </p>
   </div>
   <div class='ocr_carea' id='block_1_2' title="bbox 180 378 1700 2016">
    <p class='ocr_par' dir='ltr' id='par_1_2' title="bbox 216 378 1698 856">
     <span class='ocr_line' id='line_1_2' title="bbox 219 378 1695 427; baseline -0.001 -9"><span class='ocrx_word' id='word_1_2' title='bbox 219 380 330 418; x_wconf 71' lang='lat' dir='ltr'>sfiden</span> <span class='ocrx_word' id='word_1_3' title='bbox 356 381 423 417; x_wconf 89' lang='lat' dir='ltr'>der</span> <span class='ocrx_word' id='word_1_4' title='bbox 449 382 598 418; x_wconf 81' lang='lat' dir='ltr'>iiussern</span> <span class='ocrx_word' id='word_1_5' title='bbox 618 380 745 417; x_wconf 70' lang='lat' dir='ltr'>Hohle</span> <span class='ocrx_word' id='word_1_6' title='bbox 770 379 830 416; x_wconf 84' lang='lat' dir='ltr'>bei</span> <span class='ocrx_word' id='word_1_7' title='bbox 856 380 1012 415; x_wconf 86' lang='lat' dir='ltr'>Astraea</span> <span class='ocrx_word' id='word_1_8' title='bbox 1037 378 1378 426; x_wconf 83' lang='lat' dir='ltr'>gleichbedeutend.</span> <span class='ocrx_word' id='word_1_9' title='bbox 1394 400 1440 407; x_wconf 82' lang='lat'>—</span> <span class='ocrx_word' id='word_1_10' title='bbox 1456 378 1528 415; x_wconf 89' lang='lat' dir='ltr'>Die</span> <span class='ocrx_word' id='word_1_11' title='bbox 1552 378 1695 427; x_wconf 78' lang='lat' dir='ltr'>eigent-</span> 
     </span>
     <span class='ocr_line' id='line_1_3' title="bbox 216 433 1696 490; baseline -0.001 -12"><span class='ocrx_word' id='word_1_12' title='bbox 216 440 338 479; x_wconf 88' lang='lat' dir='ltr'>lichen</span> <span class='ocrx_word' id='word_1_13' title='bbox 365 441 554 490; x_wconf 84' lang='lat' dir='ltr'>Fungien,</span> <span class='ocrx_word' id='word_1_14' title='bbox 581 441 696 476; x_wconf 86' lang='lat' dir='ltr'>selbst</span> <span class='ocrx_word' id='word_1_15' title='bbox 722 450 828 476; x_wconf 87' lang='lat' dir='ltr'>wenn</span> <span class='ocrx_word' id='word_1_16' title='bbox 855 438 910 475; x_wconf 87' lang='lat' dir='ltr'>sie</span> <span class='ocrx_word' id='word_1_17' title='bbox 937 452 978 475; x_wconf 89' lang='lat' dir='ltr'>so</span> <span class='ocrx_word' id='word_1_18' title='bbox 1005 438 1192 487; x_wconf 87' lang='lat' dir='ltr'>elliptisch</span> <span class='ocrx_word' id='word_1_19' title='bbox 1220 433 1387 483; x_wconf 78' lang='lat' dir='ltr'>werden‚&#39;</span> <span class='ocrx_word' id='word_1_20' title='bbox 1407 440 1476 476; x_wconf 90' lang='lat' dir='ltr'>wie</span> <span class='ocrx_word' id='word_1_21' title='bbox 1503 440 1547 477; x_wconf 88' lang='lat' dir='ltr'>F.</span> <span class='ocrx_word' id='word_1_22' title='bbox 1574 446 1696 477; x_wconf 81' lang='lat' dir='ltr'>scuta—</span> 
     </span>
     <span class='ocr_line' id='line_1_4' title="bbox 218 499 1695 549; baseline -0.002 -9"><span class='ocrx_word' id='word_1_23' title='bbox 218 503 295 546; x_wconf 69' lang='grc' dir='ltr'>τῖε,</span> <span class='ocrx_word' id='word_1_24' title='bbox 342 503 459 540; x_wconf 84' lang='lat' dir='ltr'>haben</span> <span class='ocrx_word' id='word_1_25' title='bbox 496 502 588 538; x_wconf 88' lang='lat' dir='ltr'>doch</span> <span class='ocrx_word' id='word_1_26' title='bbox 627 513 699 538; x_wconf 90' lang='lat' dir='ltr'>nur</span> <span class='ocrx_word' id='word_1_27' title='bbox 740 501 879 537; x_wconf 88' lang='lat' dir='ltr'>einen</span> <span class='ocrx_word' id='word_1_28' title='bbox 918 500 1101 548; x_wconf 82' lang='lat' dir='ltr'>Magen,</span> <span class='ocrx_word' id='word_1_29' title='bbox 1145 499 1309 547; x_wconf 81' lang='lat' dir='ltr'>dagegen</span> <span class='ocrx_word' id='word_1_30' title='bbox 1349 500 1493 549; x_wconf 80' lang='lat' dir='ltr'>Fungia</span> <span class='ocrx_word' id='word_1_31' title='bbox 1528 500 1695 538; x_wconf 89' lang='lat' dir='ltr'>limacina</span> 
     </span>
     <span class='ocr_line' id='line_1_5' title="bbox 219 560 1695 613; baseline -0.002 -12"><span class='ocrx_word' id='word_1_32' title='bbox 219 564 296 601; x_wconf 86' lang='lat' dir='ltr'>und</span> <span class='ocrx_word' id='word_1_33' title='bbox 323 564 458 613; x_wconf 88' lang='lat' dir='ltr'>Talpa‚</span> <span class='ocrx_word' id='word_1_34' title='bbox 497 563 617 600; x_wconf 86' lang='lat' dir='ltr'><strong>Lam.</strong></span> <span class='ocrx_word' id='word_1_35' title='bbox 657 562 984 612; x_wconf 81' lang='lat' dir='ltr'>(Herpolitha‚</span> <span class='ocrx_word' id='word_1_36' title='bbox 1023 560 1504 603; x_wconf 77' lang='lat' dir='ltr'>Eschsch.)meh1·ere</span> <span class='ocrx_word' id='word_1_37' title='bbox 1532 562 1695 610; x_wconf 69' lang='lat' dir='ltr'>Magen</span> 
     </span>
     <span class='ocr_line' id='line_1_6' title="bbox 218 621 1697 674; baseline -0.003 -13"><span class='ocrx_word' id='word_1_38' title='bbox 218 625 256 662; x_wconf 85' lang='lat' dir='ltr'>in</span> <span class='ocrx_word' id='word_1_39' title='bbox 283 625 350 662; x_wconf 90' lang='lat' dir='ltr'>der</span> <span class='ocrx_word' id='word_1_40' title='bbox 374 625 523 672; x_wconf 83' lang='lat' dir='ltr'>grossen</span> <span class='ocrx_word' id='word_1_41' title='bbox 557 625 800 674; x_wconf 67' lang='lat' dir='ltr'>Langsspalte</span> <span class='ocrx_word' id='word_1_42' title='bbox 828 624 903 660; x_wconf 91' lang='lat' dir='ltr'>und</span> <span class='ocrx_word' id='word_1_43' title='bbox 938 623 1030 660; x_wconf 89' lang='lat' dir='ltr'>auch</span> <span class='ocrx_word' id='word_1_44' title='bbox 1060 622 1226 659; x_wconf 86' lang='lat' dir='ltr'>einzelne</span> <span class='ocrx_word' id='word_1_45' title='bbox 1263 621 1398 670; x_wconf 73' lang='lat' dir='ltr'>Magen</span> <span class='ocrx_word' id='word_1_46' title='bbox 1430 627 1612 658; x_wconf 85' lang='lat' dir='ltr'>zerstreut</span> <span class='ocrx_word' id='word_1_47' title='bbox 1651 634 1697 658; x_wconf 87' lang='lat' dir='ltr'>an</span> 
     </span>
     <span class='ocr_line' id='line_1_7' title="bbox 219 683 1697 723; baseline -0.002 -1"><span class='ocrx_word' id='word_1_48' title='bbox 219 686 291 723; x_wconf 89' lang='lat' dir='ltr'>den</span> <span class='ocrx_word' id='word_1_49' title='bbox 318 686 446 722; x_wconf 88' lang='lat' dir='ltr'>Seiten</span> <span class='ocrx_word' id='word_1_50' title='bbox 474 686 655 722; x_wconf 84' lang='lat' dir='ltr'>zwischen</span> <span class='ocrx_word' id='word_1_51' title='bbox 674 687 745 722; x_wconf 90' lang='lat' dir='ltr'>den</span> <span class='ocrx_word' id='word_1_52' title='bbox 764 686 932 722; x_wconf 71' lang='lat' dir='ltr'>Blattern</span> <span class='ocrx_word' id='word_1_53' title='bbox 961 684 1199 721; x_wconf 85' lang='lat' dir='ltr'>besitzen.—</span> <span class='ocrx_word' id='word_1_54' title='bbox 1216 683 1323 720; x_wconf 88' lang='lat' dir='ltr'>Eben</span> <span class='ocrx_word' id='word_1_55' title='bbox 1349 695 1389 719; x_wconf 90' lang='lat' dir='ltr'>so</span> <span class='ocrx_word' id='word_1_56' title='bbox 1417 683 1488 720; x_wconf 92' lang='lat' dir='ltr'>wie</span> <span class='ocrx_word' id='word_1_57' title='bbox 1515 683 1573 719; x_wconf 92' lang='lat' dir='ltr'>bei</span> <span class='ocrx_word' id='word_1_58' title='bbox 1594 683 1697 719; x_wconf 86' lang='lat' dir='ltr'>Fun-</span> 
     </span>
     <span class='ocr_line' id='line_1_8' title="bbox 218 743 1698 796; baseline -0.003 -12"><span class='ocrx_word' id='word_1_59' title='bbox 218 747 278 796; x_wconf 85' lang='lat' dir='ltr'>gia</span> <span class='ocrx_word' id='word_1_60' title='bbox 303 747 352 784; x_wconf 90' lang='lat' dir='ltr'>ist</span> <span class='ocrx_word' id='word_1_61' title='bbox 378 747 439 784; x_wconf 91' lang='lat' dir='ltr'>die</span> <span class='ocrx_word' id='word_1_62' title='bbox 475 748 800 795; x_wconf 78' lang='lat' dir='ltr'>Digestionshohle</span> <span class='ocrx_word' id='word_1_63' title='bbox 834 759 906 783; x_wconf 83' lang='lat' dir='ltr'>von</span> <span class='ocrx_word' id='word_1_64' title='bbox 935 747 1007 783; x_wconf 90' lang='lat' dir='ltr'>den</span> <span class='ocrx_word' id='word_1_65' title='bbox 1046 745 1420 792; x_wconf 81' lang='lat' dir='ltr'>Athmungsorganen</span> <span class='ocrx_word' id='word_1_66' title='bbox 1445 743 1501 793; x_wconf 67' lang='grc' dir='ltr'>(ἓ)</span> <span class='ocrx_word' id='word_1_67' title='bbox 1525 749 1698 792; x_wconf 84' lang='lat' dir='ltr'>getrennt</span> 
     </span>
     <span class='ocr_line' id='line_1_9' title="bbox 219 807 1194 856; baseline 0 -13"><span class='ocrx_word' id='word_1_68' title='bbox 219 808 256 844; x_wconf 84' lang='lat' dir='ltr'>in</span> <span class='ocrx_word' id='word_1_69' title='bbox 284 808 355 845; x_wconf 89' lang='lat' dir='ltr'>den</span> <span class='ocrx_word' id='word_1_70' title='bbox 383 807 597 856; x_wconf 83' lang='lat' dir='ltr'>Gattungen</span> <span class='ocrx_word' id='word_1_71' title='bbox 625 808 800 853; x_wconf 86' lang='lat' dir='ltr'>Pavonia,</span> <span class='ocrx_word' id='word_1_72' title='bbox 827 807 1095 851; x_wconf 81' lang='lat' dir='ltr'>Monticularia‚</span> <span class='ocrx_word' id='word_1_73' title='bbox 1124 812 1194 843; x_wconf 86' lang='lat' dir='ltr'>ete.</span> 
     </span>
    </p>

    <p class='ocr_par' dir='ltr' id='par_1_3' title="bbox 180 867 1699 1105">
     <span class='ocr_line' id='line_1_10' title="bbox 319 867 1697 917; baseline -0.001 -13"><span class='ocrx_word' id='word_1_74' title='bbox 319 869 396 905; x_wconf 84' lang='lat' dir='ltr'>Cel.</span> <span class='ocrx_word' id='word_1_75' title='bbox 423 869 696 917; x_wconf 83' lang='lat' dir='ltr'>Ehrenberg</span> <span class='ocrx_word' id='word_1_76' title='bbox 732 870 770 905; x_wconf 92' lang='lat' dir='ltr'>in</span> <span class='ocrx_word' id='word_1_77' title='bbox 798 869 888 905; x_wconf 90' lang='lat' dir='ltr'>mari</span> <span class='ocrx_word' id='word_1_78' title='bbox 916 870 1027 905; x_wconf 86' lang='lat' dir='ltr'>rubro</span> <span class='ocrx_word' id='word_1_79' title='bbox 1054 869 1164 904; x_wconf 84' lang='lat' dir='ltr'>etiam</span> <span class='ocrx_word' id='word_1_80' title='bbox 1192 868 1374 915; x_wconf 78' lang='lat' dir='ltr'>Fungiam</span> <span class='ocrx_word' id='word_1_81' title='bbox 1403 867 1697 916; x_wconf 81' lang='lat' dir='ltr'>agariciformem</span> 
     </span>
     <span class='ocr_line' id='line_1_11' title="bbox 180 928 1699 979; baseline -0.003 -12"><span class='ocrx_word' id='word_1_82' title='bbox 180 933 184 937; x_wconf 85' lang='lat'><strong><em>‘</em></strong></span> <span class='ocrx_word' id='word_1_83' title='bbox 206 930 359 979; x_wconf 59' lang='lat' dir='ltr'>reperit</span> <span class='ocrx_word' id='word_1_84' title='bbox 386 936 422 966; x_wconf 90' lang='lat' dir='ltr'>et</span> <span class='ocrx_word' id='word_1_85' title='bbox 448 930 573 966; x_wconf 89' lang='lat' dir='ltr'>icones</span> <span class='ocrx_word' id='word_1_86' title='bbox 600 936 867 979; x_wconf 87' lang='lat' dir='ltr'>anatomenque</span> <span class='ocrx_word' id='word_1_87' title='bbox 895 928 1005 977; x_wconf 87' lang='lat' dir='ltr'>hujus</span> <span class='ocrx_word' id='word_1_88' title='bbox 1032 929 1198 965; x_wconf 88' lang='lat' dir='ltr'>animalis</span> <span class='ocrx_word' id='word_1_89' title='bbox 1219 928 1435 964; x_wconf 88' lang='lat' dir='ltr'>Berolinum</span> <span class='ocrx_word' id='word_1_90' title='bbox 1465 929 1611 972; x_wconf 84' lang='lat' dir='ltr'>retulit3</span> <span class='ocrx_word' id='word_1_91' title='bbox 1639 940 1699 964; x_wconf 85' lang='lat' dir='ltr'>ac-</span> 
     </span>
     <span class='ocr_line' id='line_1_12' title="bbox 222 988 1697 1040; baseline -0.003 -12"><span class='ocrx_word' id='word_1_92' title='bbox 222 991 441 1028; x_wconf 77' lang='lat' dir='ltr'>curatiorem</span> <span class='ocrx_word' id='word_1_93' title='bbox 478 991 646 1040; x_wconf 82' lang='lat' dir='ltr'>ejusdem</span> <span class='ocrx_word' id='word_1_94' title='bbox 686 998 807 1028; x_wconf 81' lang='lat' dir='ltr'>autem</span> <span class='ocrx_word' id='word_1_95' title='bbox 848 989 1135 1038; x_wconf 82' lang='lat' dir='ltr'>descriptionem</span> <span class='ocrx_word' id='word_1_96' title='bbox 1162 989 1206 1025; x_wconf 89' lang='lat' dir='ltr'>ab</span> <span class='ocrx_word' id='word_1_97' title='bbox 1234 990 1302 1024; x_wconf 86' lang='lat' dir='ltr'>hoc</span> <span class='ocrx_word' id='word_1_98' title='bbox 1330 988 1410 1025; x_wconf 88' lang='lat' dir='ltr'>viro</span> <span class='ocrx_word' id='word_1_99' title='bbox 1446 988 1697 1025; x_wconf 84' lang='lat' dir='ltr'>eruditissimo</span> 
     </span>
     <span class='ocr_line' id='line_1_13' title="bbox 219 1049 1350 1105; baseline -0.003 -17"><span class='ocrx_word' id='word_1_100' title='bbox 219 1053 348 1098; x_wconf 76' lang='lat' dir='ltr'>adhuc,</span> <span class='ocrx_word' id='word_1_101' title='bbox 376 1058 552 1105; x_wconf 82' lang='lat' dir='ltr'>quantum</span> <span class='ocrx_word' id='word_1_102' title='bbox 579 1054 670 1097; x_wconf 79' lang='lat' dir='ltr'>scio,</span> <span class='ocrx_word' id='word_1_103' title='bbox 696 1058 914 1102; x_wconf 84' lang='lat' dir='ltr'>exspectant</span> <span class='ocrx_word' id='word_1_104' title='bbox 940 1057 1092 1088; x_wconf 84' lang='lat' dir='ltr'>naturae</span> <span class='ocrx_word' id='word_1_105' title='bbox 1119 1049 1350 1087; x_wconf 78' lang='lat' dir='ltr'>studiosi.—</span> 
     </span>
    </p>

    <p class='ocr_par' dir='ltr' id='par_1_4' title="bbox 219 1110 1700 2016">
     <span class='ocr_line' id='line_1_14' title="bbox 319 1110 1700 1162; baseline -0.001 -13"><span class='ocrx_word' id='word_1_106' title='bbox 319 1114 456 1162; x_wconf 89' lang='lat' dir='ltr'>Opinio</span> <span class='ocrx_word' id='word_1_107' title='bbox 485 1114 647 1162; x_wconf 77' lang='lat' dir='ltr'>vulgaris</span> <span class='ocrx_word' id='word_1_108' title='bbox 666 1126 708 1150; x_wconf 88' lang='lat' dir='ltr'>ea</span> <span class='ocrx_word' id='word_1_109' title='bbox 727 1119 818 1156; x_wconf 80' lang='lat' dir='ltr'>erat,</span> <span class='ocrx_word' id='word_1_110' title='bbox 845 1112 989 1162; x_wconf 88' lang='lat' dir='ltr'>species</span> <span class='ocrx_word' id='word_1_111' title='bbox 1007 1111 1155 1160; x_wconf 75' lang='lat' dir='ltr'>generis</span> <span class='ocrx_word' id='word_1_112' title='bbox 1184 1110 1353 1158; x_wconf 76' lang='lat' dir='ltr'>Fungiae</span> <span class='ocrx_word' id='word_1_113' title='bbox 1380 1122 1528 1158; x_wconf 84' lang='lat' dir='ltr'>semper</span> <span class='ocrx_word' id='word_1_114' title='bbox 1555 1110 1700 1154; x_wconf 61' lang='lat' dir='ltr'>liberm,</span> 
     </span>
     <span class='ocr_line' id='line_1_15' title="bbox 220 1171 1699 1221; baseline -0.002 -11"><span class='ocrx_word' id='word_1_115' title='bbox 220 1186 291 1210; x_wconf 90' lang='lat' dir='ltr'>non</span> <span class='ocrx_word' id='word_1_116' title='bbox 317 1175 460 1217; x_wconf 86' lang='lat' dir='ltr'>affixas,</span> <span class='ocrx_word' id='word_1_117' title='bbox 488 1187 589 1219; x_wconf 84' lang='lat' dir='ltr'>esse3</span> <span class='ocrx_word' id='word_1_118' title='bbox 617 1175 683 1210; x_wconf 90' lang='lat' dir='ltr'>cel.</span> <span class='ocrx_word' id='word_1_119' title='bbox 710 1174 824 1210; x_wconf 86' lang='lat' dir='ltr'><strong>Sam.</strong></span> <span class='ocrx_word' id='word_1_120' title='bbox 851 1174 1146 1221; x_wconf 81' lang='lat' dir='ltr'>Stutchbury</span> <span class='ocrx_word' id='word_1_121' title='bbox 1163 1173 1193 1221; x_wconf 78' lang='lat'>⁸)</span> <span class='ocrx_word' id='word_1_122' title='bbox 1219 1178 1341 1209; x_wconf 82' lang='lat' dir='ltr'>autem</span> <span class='ocrx_word' id='word_1_123' title='bbox 1362 1171 1513 1220; x_wconf 86' lang='lat' dir='ltr'>juniora</span> <span class='ocrx_word' id='word_1_124' title='bbox 1531 1171 1699 1219; x_wconf 83' lang='lat' dir='ltr'>Fungiae</span> 
     </span>
     <span class='ocr_line' id='line_1_16' title="bbox 219 1232 1700 1283; baseline -0.001 -13"><span class='ocrx_word' id='word_1_125' title='bbox 219 1234 483 1283; x_wconf 78' lang='lat' dir='ltr'>agariciformis</span> <span class='ocrx_word' id='word_1_126' title='bbox 510 1235 547 1271; x_wconf 90' lang='lat' dir='ltr'>in</span> <span class='ocrx_word' id='word_1_127' title='bbox 574 1235 694 1271; x_wconf 89' lang='lat' dir='ltr'>insula</span> <span class='ocrx_word' id='word_1_128' title='bbox 721 1235 865 1272; x_wconf 88' lang='lat' dir='ltr'>Otahiti</span> <span class='ocrx_word' id='word_1_129' title='bbox 892 1234 1104 1271; x_wconf 83' lang='lat' dir='ltr'>observavit</span> <span class='ocrx_word' id='word_1_130' title='bbox 1126 1233 1330 1278; x_wconf 88' lang='lat' dir='ltr'>individua,</span> <span class='ocrx_word' id='word_1_131' title='bbox 1357 1232 1513 1281; x_wconf 89' lang='lat' dir='ltr'>rupibus</span> <span class='ocrx_word' id='word_1_132' title='bbox 1540 1233 1599 1269; x_wconf 79' lang='lat' dir='ltr'>vel</span> <span class='ocrx_word' id='word_1_133' title='bbox 1627 1233 1700 1268; x_wconf 86' lang='lat' dir='ltr'>Co-</span> 
     </span>
     <span class='ocr_line' id='line_1_17' title="bbox 219 1292 1700 1342; baseline -0.002 -11"><span class='ocrx_word' id='word_1_134' title='bbox 219 1295 333 1331; x_wconf 85' lang='lat' dir='ltr'>ralliis</span> <span class='ocrx_word' id='word_1_135' title='bbox 361 1295 514 1332; x_wconf 81' lang='lat' dir='ltr'>mortuis</span> <span class='ocrx_word' id='word_1_136' title='bbox 541 1295 762 1339; x_wconf 86' lang='lat' dir='ltr'>insidentia,</span> <span class='ocrx_word' id='word_1_137' title='bbox 802 1295 890 1331; x_wconf 91' lang='lat' dir='ltr'>dum</span> <span class='ocrx_word' id='word_1_138' title='bbox 917 1295 1067 1342; x_wconf 89' lang='lat' dir='ltr'>quidem</span> <span class='ocrx_word' id='word_1_139' title='bbox 1096 1292 1233 1342; x_wconf 84' lang='lat' dir='ltr'>majora</span> <span class='ocrx_word' id='word_1_140' title='bbox 1261 1293 1455 1330; x_wconf 91' lang='lat' dir='ltr'>individua</span> <span class='ocrx_word' id='word_1_141' title='bbox 1481 1305 1627 1342; x_wconf 89' lang='lat' dir='ltr'>semper</span> <span class='ocrx_word' id='word_1_142' title='bbox 1654 1292 1700 1329; x_wconf 88' lang='lat' dir='ltr'>li-</span> 
     </span>
     <span class='ocr_line' id='line_1_18' title="bbox 219 1355 1699 1404; baseline 0 -13"><span class='ocrx_word' id='word_1_143' title='bbox 219 1357 305 1392; x_wconf 86' lang='lat' dir='ltr'>bera</span> <span class='ocrx_word' id='word_1_144' title='bbox 332 1368 415 1392; x_wconf 85' lang='lat' dir='ltr'>esse</span> <span class='ocrx_word' id='word_1_145' title='bbox 442 1355 594 1404; x_wconf 86' lang='lat' dir='ltr'>reperit.</span> <span class='ocrx_word' id='word_1_146' title='bbox 644 1356 821 1392; x_wconf 88' lang='lat' dir='ltr'>Juniores</span> <span class='ocrx_word' id='word_1_147' title='bbox 858 1356 1025 1404; x_wconf 81' lang='lat' dir='ltr'>Fungiae</span> <span class='ocrx_word' id='word_1_148' title='bbox 1053 1356 1098 1392; x_wconf 91' lang='lat' dir='ltr'>ad</span> <span class='ocrx_word' id='word_1_149' title='bbox 1133 1361 1268 1392; x_wconf 82' lang='lat' dir='ltr'>certam</span> <span class='ocrx_word' id='word_1_150' title='bbox 1306 1368 1425 1404; x_wconf 90' lang='lat' dir='ltr'>usque</span> <span class='ocrx_word' id='word_1_151' title='bbox 1452 1360 1608 1392; x_wconf 85' lang='lat' dir='ltr'>aetatem</span> <span class='ocrx_word' id='word_1_152' title='bbox 1632 1367 1699 1404; x_wconf 86' lang='lat' dir='ltr'>pe-</span> 
     </span>
     <span class='ocr_line' id='line_1_19' title="bbox 220 1416 1699 1465; baseline -0.001 -12"><span class='ocrx_word' id='word_1_153' title='bbox 220 1417 380 1453; x_wconf 91' lang='lat' dir='ltr'>dunculo</span> <span class='ocrx_word' id='word_1_154' title='bbox 415 1417 551 1453; x_wconf 84' lang='lat' dir='ltr'>affixae</span> <span class='ocrx_word' id='word_1_155' title='bbox 585 1429 668 1452; x_wconf 86' lang='lat' dir='ltr'>esse</span> <span class='ocrx_word' id='word_1_156' title='bbox 696 1422 732 1452; x_wconf 86' lang='lat' dir='ltr'>et</span> <span class='ocrx_word' id='word_1_157' title='bbox 758 1416 796 1453; x_wconf 94' lang='lat' dir='ltr'>in</span> <span class='ocrx_word' id='word_1_158' title='bbox 824 1429 867 1453; x_wconf 91' lang='lat' dir='ltr'>eo</span> <span class='ocrx_word' id='word_1_159' title='bbox 895 1429 1062 1453; x_wconf 89' lang='lat' dir='ltr'>crescere</span> <span class='ocrx_word' id='word_1_160' title='bbox 1089 1416 1283 1462; x_wconf 84' lang='lat' dir='ltr'>videntur3</span> <span class='ocrx_word' id='word_1_161' title='bbox 1324 1416 1430 1461; x_wconf 86' lang='lat' dir='ltr'>dein,</span> <span class='ocrx_word' id='word_1_162' title='bbox 1469 1416 1502 1452; x_wconf 89' lang='lat' dir='ltr'>si</span> <span class='ocrx_word' id='word_1_163' title='bbox 1527 1416 1699 1465; x_wconf 84' lang='lat' dir='ltr'>pollicem</span> 
     </span>
     <span class='ocr_line' id='line_1_20' title="bbox 220 1475 1700 1525; baseline -0.001 -11"><span class='ocrx_word' id='word_1_164' title='bbox 220 1478 367 1515; x_wconf 82' lang='lat' dir='ltr'>circiter</span> <span class='ocrx_word' id='word_1_165' title='bbox 393 1478 430 1514; x_wconf 92' lang='lat' dir='ltr'>in</span> <span class='ocrx_word' id='word_1_166' title='bbox 458 1478 635 1514; x_wconf 87' lang='lat' dir='ltr'>diametro</span> <span class='ocrx_word' id='word_1_167' title='bbox 662 1478 791 1524; x_wconf 81' lang='lat' dir='ltr'>longae</span> <span class='ocrx_word' id='word_1_168' title='bbox 818 1481 916 1521; x_wconf 79' lang='lat' dir='ltr'>sunt,</span> <span class='ocrx_word' id='word_1_169' title='bbox 943 1478 988 1513; x_wconf 90' lang='lat' dir='ltr'>ab</span> <span class='ocrx_word' id='word_1_170' title='bbox 1016 1477 1083 1512; x_wconf 93' lang='lat' dir='ltr'>hoc</span> <span class='ocrx_word' id='word_1_171' title='bbox 1109 1477 1320 1525; x_wconf 89' lang='lat' dir='ltr'>pedunculo</span> <span class='ocrx_word' id='word_1_172' title='bbox 1347 1475 1602 1525; x_wconf 78' lang='lat' dir='ltr'>sejunguntur.</span> <span class='ocrx_word' id='word_1_173' title='bbox 1654 1477 1700 1513; x_wconf 90' lang='lat' dir='ltr'>In</span> 
     </span>
     <span class='ocr_line' id='line_1_21' title="bbox 221 1537 1700 1588; baseline -0.001 -13"><span class='ocrx_word' id='word_1_174' title='bbox 221 1539 290 1575; x_wconf 91' lang='lat' dir='ltr'>hoc</span> <span class='ocrx_word' id='word_1_175' title='bbox 316 1540 410 1585; x_wconf 83' lang='lat' dir='ltr'>loco,</span> <span class='ocrx_word' id='word_1_176' title='bbox 450 1552 522 1587; x_wconf 92' lang='lat' dir='ltr'>quo</span> <span class='ocrx_word' id='word_1_177' title='bbox 548 1539 781 1588; x_wconf 89' lang='lat' dir='ltr'>pedunculus</span> <span class='ocrx_word' id='word_1_178' title='bbox 807 1551 828 1574; x_wconf 87' lang='lat' dir='ltr'>a</span> <span class='ocrx_word' id='word_1_179' title='bbox 853 1538 1055 1587; x_wconf 88' lang='lat' dir='ltr'>Polypario</span> <span class='ocrx_word' id='word_1_180' title='bbox 1095 1543 1304 1586; x_wconf 81' lang='lat' dir='ltr'>separatur,</span> <span class='ocrx_word' id='word_1_181' title='bbox 1343 1543 1516 1586; x_wconf 86' lang='lat' dir='ltr'>apertura</span> <span class='ocrx_word' id='word_1_182' title='bbox 1542 1537 1700 1574; x_wconf 81' lang='lat' dir='ltr'>rotunda</span> 
     </span>
     <span class='ocr_line' id='line_1_22' title="bbox 221 1599 1697 1649; baseline -0.001 -12"><span class='ocrx_word' id='word_1_183' title='bbox 221 1607 350 1643; x_wconf 77' lang='lat' dir='ltr'>restat.</span> <span class='ocrx_word' id='word_1_184' title='bbox 390 1613 483 1649; x_wconf 87' lang='lat' dir='ltr'>quae</span> <span class='ocrx_word' id='word_1_185' title='bbox 511 1600 647 1636; x_wconf 90' lang='lat' dir='ltr'>sensim</span> <span class='ocrx_word' id='word_1_186' title='bbox 676 1599 826 1636; x_wconf 88' lang='lat' dir='ltr'>materie</span> <span class='ocrx_word' id='word_1_187' title='bbox 854 1601 1014 1636; x_wconf 85' lang='lat' dir='ltr'>calcarea</span> <span class='ocrx_word' id='word_1_188' title='bbox 1050 1600 1236 1649; x_wconf 87' lang='lat' dir='ltr'>impletur.</span> <span class='ocrx_word' id='word_1_189' title='bbox 1287 1600 1332 1637; x_wconf 88' lang='lat' dir='ltr'>In</span> <span class='ocrx_word' id='word_1_190' title='bbox 1359 1605 1458 1637; x_wconf 87' lang='lat' dir='ltr'>statu</span> <span class='ocrx_word' id='word_1_191' title='bbox 1485 1600 1599 1637; x_wconf 88' lang='lat' dir='ltr'>affixo</span> <span class='ocrx_word' id='word_1_192' title='bbox 1626 1600 1697 1636; x_wconf 88' lang='lat' dir='ltr'>Ca-</span> 
     </span>
     <span class='ocr_line' id='line_1_23' title="bbox 221 1661 1697 1711; baseline -0.001 -12"><span class='ocrx_word' id='word_1_193' title='bbox 221 1663 445 1711; x_wconf 87' lang='lat' dir='ltr'>ryophylliis</span> <span class='ocrx_word' id='word_1_194' title='bbox 473 1663 611 1698; x_wconf 88' lang='lat' dir='ltr'>similes</span> <span class='ocrx_word' id='word_1_195' title='bbox 630 1668 667 1698; x_wconf 85' lang='lat' dir='ltr'>et</span> <span class='ocrx_word' id='word_1_196' title='bbox 685 1674 836 1711; x_wconf 89' lang='lat' dir='ltr'>prorsus</span> <span class='ocrx_word' id='word_1_197' title='bbox 864 1674 883 1698; x_wconf 92' lang='lat' dir='ltr'>a</span> <span class='ocrx_word' id='word_1_198' title='bbox 909 1662 1075 1711; x_wconf 85' lang='lat' dir='ltr'>partibus</span> <span class='ocrx_word' id='word_1_199' title='bbox 1095 1662 1264 1698; x_wconf 90' lang='lat' dir='ltr'>mollibus</span> <span class='ocrx_word' id='word_1_200' title='bbox 1292 1661 1579 1698; x_wconf 83' lang='lat' dir='ltr'>circumvolutae</span> <span class='ocrx_word' id='word_1_201' title='bbox 1602 1666 1697 1697; x_wconf 91' lang='lat' dir='ltr'>sunt.</span> 
     </span>
     <span class='ocr_line' id='line_1_24' title="bbox 222 1721 1697 1772; baseline -0.002 -11"><span class='ocrx_word' id='word_1_202' title='bbox 222 1724 345 1761; x_wconf 90' lang='lat' dir='ltr'>Unum</span> <span class='ocrx_word' id='word_1_203' title='bbox 365 1723 532 1771; x_wconf 79' lang='lat' dir='ltr'>Fungiae</span> <span class='ocrx_word' id='word_1_204' title='bbox 551 1723 815 1770; x_wconf 82' lang='lat' dir='ltr'>agariciformis</span> <span class='ocrx_word' id='word_1_205' title='bbox 829 1721 992 1771; x_wconf 86' lang='lat' dir='ltr'>junioris</span> <span class='ocrx_word' id='word_1_206' title='bbox 1010 1724 1199 1772; x_wconf 86' lang='lat' dir='ltr'>exemplar</span> <span class='ocrx_word' id='word_1_207' title='bbox 1217 1736 1237 1758; x_wconf 90' lang='lat' dir='ltr'>e</span> <span class='ocrx_word' id='word_1_208' title='bbox 1256 1722 1346 1759; x_wconf 85' lang='lat' dir='ltr'>mari</span> <span class='ocrx_word' id='word_1_209' title='bbox 1365 1723 1475 1759; x_wconf 89' lang='lat' dir='ltr'>rubro</span> <span class='ocrx_word' id='word_1_210' title='bbox 1495 1728 1532 1759; x_wconf 89' lang='lat' dir='ltr'>et</span> <span class='ocrx_word' id='word_1_211' title='bbox 1548 1735 1569 1759; x_wconf 90' lang='lat' dir='ltr'>a</span> <span class='ocrx_word' id='word_1_212' title='bbox 1585 1723 1697 1759; x_wconf 82' lang='lat' dir='ltr'>celeb.</span> 
     </span>
     <span class='ocr_line' id='line_1_25' title="bbox 222 1783 1697 1833; baseline -0.001 -12"><span class='ocrx_word' id='word_1_213' title='bbox 222 1785 424 1833; x_wconf 87' lang='lat' dir='ltr'>Riippell</span> <span class='ocrx_word' id='word_1_214' title='bbox 443 1784 531 1820; x_wconf 86' lang='lat' dir='ltr'>mihi</span> <span class='ocrx_word' id='word_1_215' title='bbox 551 1785 722 1820; x_wconf 86' lang='lat' dir='ltr'>donatum</span> <span class='ocrx_word' id='word_1_216' title='bbox 742 1784 925 1833; x_wconf 88' lang='lat' dir='ltr'>possideo,</span> <span class='ocrx_word' id='word_1_217' title='bbox 944 1785 979 1821; x_wconf 90' lang='lat' dir='ltr'>in</span> <span class='ocrx_word' id='word_1_218' title='bbox 995 1784 1101 1833; x_wconf 86' lang='lat' dir='ltr'>cujus</span> <span class='ocrx_word' id='word_1_219' title='bbox 1121 1784 1217 1820; x_wconf 86' lang='lat' dir='ltr'>basis</span> <span class='ocrx_word' id='word_1_220' title='bbox 1236 1784 1356 1820; x_wconf 91' lang='lat' dir='ltr'>medio</span> <span class='ocrx_word' id='word_1_221' title='bbox 1366 1783 1564 1832; x_wconf 86' lang='lat' dir='ltr'>perspicue</span> <span class='ocrx_word' id='word_1_222' title='bbox 1578 1784 1697 1821; x_wconf 91' lang='lat' dir='ltr'>adhuc</span> 
     </span>
     <span class='ocr_line' id='line_1_26' title="bbox 221 1843 1698 1893; baseline 0 -11"><span class='ocrx_word' id='word_1_223' title='bbox 221 1847 324 1882; x_wconf 87' lang='lat' dir='ltr'>locus</span> <span class='ocrx_word' id='word_1_224' title='bbox 340 1845 459 1881; x_wconf 90' lang='lat' dir='ltr'>videri</span> <span class='ocrx_word' id='word_1_225' title='bbox 479 1851 610 1893; x_wconf 82' lang='lat' dir='ltr'>potest,</span> <span class='ocrx_word' id='word_1_226' title='bbox 630 1845 963 1893; x_wconf 84' lang='lat' dir='ltr'>ubipolypariuma</span> <span class='ocrx_word' id='word_1_227' title='bbox 977 1846 1187 1893; x_wconf 90' lang='lat' dir='ltr'>pedunculo</span> <span class='ocrx_word' id='word_1_228' title='bbox 1209 1843 1415 1893; x_wconf 79' lang='lat' dir='ltr'>sejunctum</span> <span class='ocrx_word' id='word_1_229' title='bbox 1428 1850 1486 1881; x_wconf 87' lang='lat' dir='ltr'>est</span> <span class='ocrx_word' id='word_1_230' title='bbox 1495 1845 1596 1893; x_wconf 86' lang='lat' dir='ltr'>(Vid.</span> <span class='ocrx_word' id='word_1_231' title='bbox 1610 1845 1698 1882; x_wconf 84' lang='lat' dir='ltr'>Tab.</span> 
     </span>
     <span class='ocr_line' id='line_1_27' title="bbox 223 1904 1697 1955; baseline 0 -12"><span class='ocrx_word' id='word_1_232' title='bbox 223 1906 288 1943; x_wconf 82' lang='lat' dir='ltr'>lv,</span> <span class='ocrx_word' id='word_1_233' title='bbox 308 1907 387 1955; x_wconf 77' lang='lat' dir='ltr'>Fig.</span> <span class='ocrx_word' id='word_1_234' title='bbox 402 1906 464 1955; x_wconf 87' lang='lat'><strong>3.)‚</strong></span> <span class='ocrx_word' id='word_1_235' title='bbox 490 1907 528 1942; x_wconf 90' lang='lat' dir='ltr'>in</span> <span class='ocrx_word' id='word_1_236' title='bbox 542 1906 622 1942; x_wconf 90' lang='lat' dir='ltr'>aliis</span> <span class='ocrx_word' id='word_1_237' title='bbox 639 1912 760 1942; x_wconf 84' lang='lat' dir='ltr'>autem</span> <span class='ocrx_word' id='word_1_238' title='bbox 782 1905 981 1954; x_wconf 89' lang='lat' dir='ltr'>majoribus</span> <span class='ocrx_word' id='word_1_239' title='bbox 998 1905 1109 1954; x_wconf 89' lang='lat' dir='ltr'>hujus</span> <span class='ocrx_word' id='word_1_240' title='bbox 1124 1904 1272 1954; x_wconf 80' lang='lat' dir='ltr'>sungiae</span> <span class='ocrx_word' id='word_1_241' title='bbox 1291 1905 1576 1954; x_wconf 82' lang='lat' dir='ltr'>exemplaribus,</span> <span class='ocrx_word' id='word_1_242' title='bbox 1604 1919 1697 1955; x_wconf 84' lang='lat' dir='ltr'>quae</span> 
     </span>
     <span class='ocr_line' id='line_1_28' title="bbox 224 1966 1698 2016; baseline -0.001 -11"><span class='ocrx_word' id='word_1_243' title='bbox 224 1976 308 2005; x_wconf 82' lang='lat' dir='ltr'>ante</span> <span class='ocrx_word' id='word_1_244' title='bbox 318 1969 442 2004; x_wconf 89' lang='lat' dir='ltr'>oculos</span> <span class='ocrx_word' id='word_1_245' title='bbox 458 1973 555 2011; x_wconf 87' lang='lat' dir='ltr'>sunt,</span> <span class='ocrx_word' id='word_1_246' title='bbox 567 1968 707 2004; x_wconf 90' lang='lat' dir='ltr'>nullum</span> <span class='ocrx_word' id='word_1_247' title='bbox 726 1968 803 2004; x_wconf 88' lang='lat' dir='ltr'>fere</span> <span class='ocrx_word' id='word_1_248' title='bbox 815 1967 1012 2016; x_wconf 86' lang='lat' dir='ltr'>vestigium</span> <span class='ocrx_word' id='word_1_249' title='bbox 1028 1967 1146 2013; x_wconf 80' lang='lat' dir='ltr'>video,</span> <span class='ocrx_word' id='word_1_250' title='bbox 1157 1979 1229 2016; x_wconf 93' lang='lat' dir='ltr'>quo</span> <span class='ocrx_word' id='word_1_251' title='bbox 1241 1967 1471 2016; x_wconf 86' lang='lat' dir='ltr'>pedunculus</span> <span class='ocrx_word' id='word_1_252' title='bbox 1485 1966 1547 2003; x_wconf 89' lang='lat' dir='ltr'>ille</span> <span class='ocrx_word' id='word_1_253' title='bbox 1561 1967 1698 2004; x_wconf 84' lang='lat' dir='ltr'>affixus</span> 
     </span>
    </p>
   </div>
   <div class='ocr_carea' id='block_1_3' title="bbox 228 2082 476 2090">
    <p class='ocr_par' dir='ltr' id='par_1_5' title="bbox 228 2082 476 2090">
     <span class='ocr_line' id='line_1_29' title="bbox 228 2082 476 2090; baseline 0 589"><span class='ocrx_word' id='word_1_254' title='bbox 228 2082 476 2090; x_wconf 95' lang='lat' dir='ltr'> </span> 
     </span>
    </p>
   </div>
   <div class='ocr_carea' id='block_1_4' title="bbox 246 2136 1695 2380">
    <p class='ocr_par' dir='ltr' id='par_1_6' title="bbox 246 2136 1695 2380">
     <span class='ocr_line' id='line_1_30' title="bbox 246 2136 1695 2176; baseline 0 -9"><span class='ocrx_word' id='word_1_255' title='bbox 246 2139 275 2171; x_wconf 60' lang='grc' dir='ltr'>ὅ)</span> <span class='ocrx_word' id='word_1_256' title='bbox 298 2138 329 2168; x_wconf 91' lang='lat' dir='ltr'>ln</span> <span class='ocrx_word' id='word_1_257' title='bbox 342 2136 496 2168; x_wconf 82' lang='lat' dir='ltr'>Transact.</span> <span class='ocrx_word' id='word_1_258' title='bbox 520 2137 553 2167; x_wconf 82' lang='lat' dir='ltr'>os</span> <span class='ocrx_word' id='word_1_259' title='bbox 573 2137 624 2168; x_wconf 82' lang='lat' dir='ltr'>the</span> <span class='ocrx_word' id='word_1_260' title='bbox 645 2136 780 2168; x_wconf 81' lang='lat' dir='ltr'>Linnean</span> <span class='ocrx_word' id='word_1_261' title='bbox 802 2138 927 2176; x_wconf 81' lang='lat' dir='ltr'>society.</span> <span class='ocrx_word' id='word_1_262' title='bbox 950 2138 1014 2169; x_wconf 79' lang='lat' dir='ltr'>Vol.</span> <span class='ocrx_word' id='word_1_263' title='bbox 1037 2137 1112 2168; x_wconf 86' lang='lat' dir='ltr'><strong>XVI.</strong></span> <span class='ocrx_word' id='word_1_264' title='bbox 1135 2145 1162 2176; x_wconf 92' lang='lat' dir='ltr'>p.</span> <span class='ocrx_word' id='word_1_265' title='bbox 1184 2136 1250 2168; x_wconf 71' lang='lat'>493.</span> <span class='ocrx_word' id='word_1_266' title='bbox 1293 2136 1324 2168; x_wconf 92' lang='lat' dir='ltr'>C.</span> <span class='ocrx_word' id='word_1_267' title='bbox 1346 2137 1423 2167; x_wconf 82' lang='lat' dir='ltr'>icon.</span> <span class='ocrx_word' id='word_1_268' title='bbox 1446 2137 1488 2168; x_wconf 84' lang='lat' dir='ltr'>Cs.</span> <span class='ocrx_word' id='word_1_269' title='bbox 1510 2137 1695 2176; x_wconf 79' lang='lat' dir='ltr'>Froriep&#39;s</span> 
     </span>
     <span class='ocr_line' id='line_1_31' title="bbox 302 2188 1695 2228; baseline -0.001 -9"><span class='ocrx_word' id='word_1_270' title='bbox 302 2189 396 2220; x_wconf 83' lang='lat' dir='ltr'>Notiz.</span> <span class='ocrx_word' id='word_1_271' title='bbox 438 2189 503 2220; x_wconf 68' lang='lat' dir='ltr'>Vol.</span> <span class='ocrx_word' id='word_1_272' title='bbox 526 2190 571 2219; x_wconf 73' lang='lat'>27.</span> <span class='ocrx_word' id='word_1_273' title='bbox 593 2197 637 2220; x_wconf 88' lang='lat' dir='ltr'>nr.</span> <span class='ocrx_word' id='word_1_274' title='bbox 660 2191 685 2220; x_wconf 80' lang='grc'>7.</span> <span class='ocrx_word' id='word_1_275' title='bbox 709 2190 793 2220; x_wconf 84' lang='grc'>1830.</span> <span class='ocrx_word' id='word_1_276' title='bbox 823 2198 850 2228; x_wconf 89' lang='lat' dir='ltr'>p.</span> <span class='ocrx_word' id='word_1_277' title='bbox 874 2190 931 2220; x_wconf 88' lang='grc'>106</span> <span class='ocrx_word' id='word_1_278' title='bbox 962 2194 992 2220; x_wconf 81' lang='lat' dir='ltr'>et</span> <span class='ocrx_word' id='word_1_279' title='bbox 1019 2189 1184 2220; x_wconf 78' lang='lat' dir='ltr'>Muller&#39;s</span> <span class='ocrx_word' id='word_1_280' title='bbox 1207 2188 1323 2219; x_wconf 80' lang='lat' dir='ltr'>Archiv</span> <span class='ocrx_word' id='word_1_281' title='bbox 1342 2189 1360 2219; x_wconf 78' lang='lat' dir='ltr'>s.</span> <span class='ocrx_word' id='word_1_282' title='bbox 1383 2188 1585 2228; x_wconf 76' lang='lat' dir='ltr'>physiologie.</span> <span class='ocrx_word' id='word_1_283' title='bbox 1611 2188 1695 2219; x_wconf 68' lang='lat'>1834.</span> 
     </span>
     <span class='ocr_line' id='line_1_32' title="bbox 303 2239 1694 2281; baseline 0 -10"><span class='ocrx_word' id='word_1_284' title='bbox 303 2240 362 2271; x_wconf 70' lang='grc' dir='ltr'>ΗΠ.</span> <span class='ocrx_word' id='word_1_285' title='bbox 386 2242 411 2271; x_wconf 90' lang='lat'>1.</span> <span class='ocrx_word' id='word_1_286' title='bbox 454 2241 565 2272; x_wconf 85' lang='lat' dir='ltr'>Berlin.</span> <span class='ocrx_word' id='word_1_287' title='bbox 585 2241 613 2271; x_wconf 87' lang='grc'>8.</span> <span class='ocrx_word' id='word_1_288' title='bbox 644 2248 673 2280; x_wconf 91' lang='lat' dir='ltr'>p.</span> <span class='ocrx_word' id='word_1_289' title='bbox 697 2243 742 2272; x_wconf 79' lang='grc'>77.</span> <span class='ocrx_word' id='word_1_290' title='bbox 772 2241 900 2281; x_wconf 82' lang='lat' dir='ltr'>Figurae</span> <span class='ocrx_word' id='word_1_291' title='bbox 922 2250 941 2273; x_wconf 89' lang='lat' dir='ltr'>a</span> <span class='ocrx_word' id='word_1_292' title='bbox 969 2242 1023 2272; x_wconf 88' lang='lat' dir='ltr'>cel.</span> <span class='ocrx_word' id='word_1_293' title='bbox 1055 2239 1298 2279; x_wconf 79' lang='lat' dir='ltr'>Stutchhury</span> <span class='ocrx_word' id='word_1_294' title='bbox 1329 2240 1417 2271; x_wconf 80' lang='lat' dir='ltr'>datae</span> <span class='ocrx_word' id='word_1_295' title='bbox 1450 2241 1497 2270; x_wconf 91' lang='lat' dir='ltr'>in:</span> <span class='ocrx_word' id='word_1_296' title='bbox 1526 2240 1569 2270; x_wconf 86' lang='lat' dir='ltr'>Le</span> <span class='ocrx_word' id='word_1_297' title='bbox 1592 2239 1694 2278; x_wconf 69' lang='lat' dir='ltr'>Regne</span> 
     </span>
     <span class='ocr_line' id='line_1_33' title="bbox 306 2290 1695 2332; baseline 0.001 -11"><span class='ocrx_word' id='word_1_298' title='bbox 306 2291 424 2330; x_wconf 76' lang='lat' dir='ltr'>animal,</span> <span class='ocrx_word' id='word_1_299' title='bbox 447 2301 501 2331; x_wconf 86' lang='lat' dir='ltr'>par</span> <span class='ocrx_word' id='word_1_300' title='bbox 524 2292 555 2323; x_wconf 89' lang='lat' dir='ltr'>G.</span> <span class='ocrx_word' id='word_1_301' title='bbox 579 2293 724 2324; x_wconf 82' lang='lat' dir='ltr'>Cuvier.</span> <span class='ocrx_word' id='word_1_302' title='bbox 746 2292 929 2332; x_wconf 73' lang='lat' dir='ltr'>zoophytes.</span> <span class='ocrx_word' id='word_1_303' title='bbox 971 2293 1096 2324; x_wconf 84' lang='lat' dir='ltr'>Livrais.</span> <span class='ocrx_word' id='word_1_304' title='bbox 1119 2293 1145 2323; x_wconf 92' lang='lat'>5.</span> <span class='ocrx_word' id='word_1_305' title='bbox 1186 2291 1282 2323; x_wconf 86' lang='lat' dir='ltr'>Paris.</span> <span class='ocrx_word' id='word_1_306' title='bbox 1305 2291 1391 2323; x_wconf 82' lang='lat'><strong>1837.</strong></span> <span class='ocrx_word' id='word_1_307' title='bbox 1412 2291 1439 2323; x_wconf 81' lang='lat'>8.</span> <span class='ocrx_word' id='word_1_308' title='bbox 1462 2290 1535 2323; x_wconf 85' lang='lat' dir='ltr'>Tab.</span> <span class='ocrx_word' id='word_1_309' title='bbox 1555 2291 1603 2322; x_wconf 83' lang='grc'>82.</span> <span class='ocrx_word' id='word_1_310' title='bbox 1633 2291 1695 2330; x_wconf 79' lang='lat' dir='ltr'>Fig.</span> 
     </span>
     <span class='ocr_line' id='line_1_34' title="bbox 304 2343 600 2380; baseline 0.003 -7"><span class='ocrx_word' id='word_1_311' title='bbox 304 2343 330 2373; x_wconf 85' lang='lat'>3.</span> <span class='ocrx_word' id='word_1_312' title='bbox 353 2344 500 2380; x_wconf 71' lang='lat' dir='ltr'>repetitae</span> <span class='ocrx_word' id='word_1_313' title='bbox 523 2347 600 2374; x_wconf 84' lang='lat' dir='ltr'>sunt.</span> 
     </span>
    </p>
   </div>
  </div>
 </body>
</html>
