1986 2679
842 270 1091 305 -14-

223 385 317 421 quae
336 377 443 408 antea
462 383 481 406 a
501 368 685 405 nonnullis
704 380 771 416 pro
792 367 1007 416 corporibus
1042 367 1262 415 inorganicis
1289 367 1435 405 habitae
1462 376 1566 414 sunt,
1593 377 1699 408 natu-

225 446 300 470 ram
339 430 579 479 vegetabilem
616 429 740 465 inesse
780 428 1055 472 demonstravit,
1084 433 1121 464 et
1148 441 1210 465 eas
1246 429 1358 477 Algas
1386 429 1577 466 calcinatas
1617 444 1701 467 esse

224 493 433 530 declaravit.
468 513 516 518 —-
552 491 631 526 Etsi
659 489 845 539 Spongiae
873 501 893 525 a
920 489 1090 538 plurimis
1118 495 1155 526 et
1181 490 1394 527 clarissimis
1421 496 1572 527 naturae
1599 503 1702 527 scru-

225 554 402 590 tatoribus
430 552 647 588 animalibus
675 557 712 586 et
730 551 1012 599 Zoophytorum
1040 551 1146 587 classi
1165 552 1371 601 adscriptae
1390 558 1475 589 sunt
1494 553 1552 602 ²¹),
1580 558 1702 588 tamen

224 616 286 650 alii
313 615 432 650 adhuc
458 619 554 657 sunt,
581 612 643 660 qui
671 624 796 648 earum
824 617 989 648 naturam
1010 611 1202 648 animalem
1226 618 1363 660 negent
1389 618 1427 649 et
1450 614 1591 662 plantas
1618 624 1701 648 esse

225 683 410 711 censeant.
438 675 513 709 Cel.
543 673 685 721 Anglus
712 675 839 720 Gray
859 676 908 715 ²²)
934 674 1026 710 hanc
1048 674 1252 722 proximam
1278 674 1448 722 sequitur
1473 673 1702 710 sententiam.

227 736 407 783 Egregiae
422 742 457 770 et
485 735 655 778 omnibus
669 740 776 769 notae
797 733 1072 770 observationes
1092 734 1185 770 alius
1210 736 1321 771 celeb.
1348 734 1458 783 Angli
1485 735 1634 771 Grant
1651 735 1702 776 2³)

226 797 271 832 de
294 796 538 843 Spongiarum
563 799 745 830 structura
774 800 810 830 et
838 795 1098 839 functionibus.
1126 797 1226 832 nullo
1254 797 1361 832 modo
1381 798 1472 832 hanc
1493 796 1700 845 opinionem

225 857 409 895 refutant.
450 870 562 904 quum
589 868 710 904 neque
750 856 967 892 animalcula
1007 857 1181 906 Spongiis
1215 855 1388 906 propria,
1425 870 1546 906 neque
1585 858 1701 893 ullum

225 917 480 953 sensibilitatis
515 929 641 952 earum
677 916 874 964 vestigium
911 928 1132 964 cognoscere
1166 917 1341 966 potuerit.
1416 917 1616 954 Sollertiss.
1653 917 1698 953 de

224 978 481 1014 Blainville
499 981 548 1020 ²⁴)
578 978 724 1013 nomine
757 978 1138 1026 „Amorphozoaires‘⁶
1165 978 1365 1026 Spongias,
1393 991 1487 1027 quae
1515 977 1596 1026 ejus
1623 978 1702 1026 opi-

224 1039 333 1075 nione
370 1039 594 1085 singularem
627 1037 762 1074 tribum
800 1038 990 1083 efficiunt,
1029 1051 1050 1074 a
1076 1039 1282 1087 Zoophytis
1317 1039 1467 1088 proprie
1501 1040 1554 1075 sic
1592 1038 1700 1075 dictis

226 1101 528 1148 (Actinozoaires,
545 1100 594 1136 Bl
607 1099 682 1135 ain
693 1099 743 1147 V.)
755 1099 1022 1136 distinxit.Cel.
1035 1099 1085 1135 Li
1098 1112 1119 1135 n
1130 1112 1149 1135 c
1159 1101 1179 1135 k
1198 1102 1246 1143 ²⁵)
1259 1100 1461 1136 secundum
1475 1099 1699 1136 observatio-

225 1173 290 1196 nes
324 1173 409 1196 suas
436 1166 559 1196 autem
587 1160 769 1208 Spongias
797 1172 867 1195 non
896 1161 1031 1204 solum,
1070 1160 1137 1196 sed
1175 1160 1284 1196 etiam
1325 1160 1456 1197 Genus
1492 1160 1696 1203 Acetabuli‚

227 1222 448 1268 Alcyonium
460 1221 617 1256 Bursam
629 1221 792 1268 aliasque
802 1222 994 1257 nonnullas
1012 1220 1155 1269 species
1169 1221 1277 1257 maris
1288 1221 1474 1269 ambiguas
1493 1221 1529 1257 in
1544 1233 1698 1269 regnum

226 1282 431 1330 vegetabile
458 1283 691 1326 recensebat,
719 1295 813 1330 quae
837 1288 874 1317 et
901 1288 1027 1318 nostro
1058 1288 1223 1330 tempore
1241 1281 1513 1317 oculatissimus
1532 1281 1700 1317 Ehren-

224 1345 333 1390 berg
351 1346 399 1386 ²⁶>
428 1345 569 1392 plantas
596 1356 678 1379 esse
705 1342 922 1392 simpliciter
947 1343 1139 1391 professus
1167 1348 1232 1387 est,
1259 1355 1372 1390 quum
1399 1342 1549 1379 diceret:

325 1405 396 1440 Die
423 1404 611 1452 Spongien
638 1404 764 1451 zeigen
792 1416 882 1451 ganz
920 1403 1087 1439 offenbar
1123 1403 1206 1439 eine
1244 1403 1587 1440 Pflanzenstructur
1627 1405 1700 1440 und

227 1467 342 1503 haben
371 1466 477 1501 keine
495 1466 595 1513 Spur
622 1465 723 1500 einer
744 1464 1037 1508 Thierstructur,
1065 1464 1189 1499 weder
1216 1463 1294 1508 mir,
1321 1465 1413 1500 noch
1432 1464 1561 1512 irgend
1580 1465 1700 1501 einem

225 1527 362 1562 andern
390 1539 559 1573 genauen
597 1527 825 1562 Beobachter
851 1525 1002 1573 gezeigt.
1067 1525 1170 1561 Eben
1196 1537 1236 1560 so
1277 1525 1419 1561 verhalt
1447 1537 1486 1560 es
1523 1525 1600 1561 sich
1636 1526 1702 1561 mit

226 1588 296 1624 den
323 1588 533 1634 Thethyen.
557 1609 603 1614 —
628 1608 677 1613 —

324 1649 443 1697 Quam
470 1648 639 1697 plurimis
667 1648 720 1684 uti
749 1648 870 1683 verbis
898 1660 1059 1695 cogerer,
1087 1647 1118 1683 si
1145 1646 1311 1682 diversas
1338 1646 1540 1682 sententias
1559 1647 1605 1683 de
1623 1647 1698 1683 for-

230 1709 387 1744 matione
415 1708 655 1744 Coralliorum
683 1721 709 1743 s.
729 1707 1012 1757 Polypariorum
1041 1713 1078 1744 et
1097 1720 1224 1744 eorum
1251 1707 1447 1743 relationes
1475 1708 1521 1744 ad
1549 1707 1701 1744 animal·

233 1809 279 1846 21)
302 1808 481 1846 Nuperrimo
503 1812 639 1846 ternpore
662 1808 761 1838 adhuc
783 1808 961 1847 diligentiss.
983 1807 1182 1847 Dujardin‚
1205 1808 1349 1847 spongias
1371 1807 1511 1838 animalia
1533 1816 1602 1838 esse
1625 1815 1700 1837 con—

309 1858 451 1890 tendebat
473 1860 517 1888 in:
540 1859 646 1888 Annal.
670 1859 724 1889 des
747 1859 984 1902 Scienonatur.
1008 1859 1090 1889 Tom.
1112 1859 1146 1888 X.
1168 1859 1321 1897 Zoologie.
1344 1859 1437 1889 Paris.
1451 1859 1535 1889 1838.
1557 1867 1583 1897 p.
1599 1860 1624 1897 5,
1634 1867 1700 1897 sqq.

233 1911 277 1947 ²²)
300 1911 473 1949 Zoological
495 1910 627 1940 Journal.
653 1910 746 1940 Marz.
770 1911 857 1941 1824.
878 1911 1065 1949 Froriep⁷s
1086 1910 1181 1941 Notiz.
1202 1905 1280 1941 Juni.
1303 1910 1388 1941 1824.
1410 1919 1454 1940 nr.
1478 1911 1542 1940 147.

233 1963 278 1998 2²⁵]
301 1962 500 2000 Edinbourgh
521 1961 628 2000 philos.
652 1961 754 1991 Journ.
780 1961 863 1992 1826.
882 1962 988 1991 Annal.
1012 1961 1065 1992 des
1079 1962 1195 1992 Scienc.
1216 1966 1312 1994 natur.
1335 1962 1416 1992 Tom.
1426 1962 1473 1992 XI.
1491 1962 1557 1992 Par.
1574 1961 1658 1992 1827.
1674 1970 1701 1999 p.

309 2014 373 2051 150,
396 2023 461 2052 sqq.

231 2064 277 2100 ²⁴)
298 2064 503 2094 Dictionnaire
523 2064 576 2094 des
600 2064 715 2094 Scione.
731 2063 867 2094 naturell.
891 2064 1030 2094 Tom.GO.
1052 2064 1119 2094 Par.
1135 2064 1218 2095 1830.
1240 2064 1267 2094 8.
1288 2063 1574 2102 Artic.Zoophytes.
1597 2063 1699 2101 p.4191.

232 2115 278 2152 ²⁵)
299 2115 401 2146 Ueber
424 2115 472 2144 die
499 2115 738 2145 Pssanzenthiere
759 2114 931 2153 uberhaupt
959 2115 1020 2146 und
1050 2114 1099 2145 die
1123 2114 1199 2145 dazu
1221 2117 1426 2154 gereclmeten
1455 2114 1619 2145 Gewaclise
1641 2113 1698 2143 be-

309 2167 454 2205 sonders3
484 2168 527 2196 in:
550 2166 794 2205 Abhandlungen
818 2166 871 2197 der
891 2167 1010 2205 Konigl.
1034 2167 1131 2198 Akad.
1154 2167 1208 2197 der
1230 2167 1416 2199 Wissensch.
1439 2175 1476 2196 zu
1496 2166 1606 2196 Berlin.
1628 2165 1701 2195 Jahr

309 2218 394 2248 1830.
436 2218 546 2248 Berlin.
570 2218 654 2248 1832.
676 2220 703 2248 4.
726 2227 753 2256 p.
778 2219 842 2256 109,
866 2227 932 2257 sqq.

233 2268 279 2305 2ΰ)
300 2269 355 2299 Die
379 2269 616 2299 Corallenthiere
640 2268 693 2299 des
721 2270 829 2299 rothen
855 2270 971 2308 Meers,
1002 2269 1231 2308 physiologisch
1260 2268 1437 2300 untersucht
1459 2267 1520 2298 und
1544 2270 1698 2305 systema-

312 2321 388 2351 tisch
409 2321 609 2351 verzeiclinet.
652 2320 762 2351 Berlin.
785 2321 868 2352 1834.
890 2323 918 2353 4.
940 2330 967 2360 p.
990 2324 1014 2351 7.
