1986 2679
865 263 1114 300 „43-

246 363 391 411 Espece
418 362 464 398 de
491 374 674 410 moyenne
708 362 912 410 grandeur,
952 361 1170 398 orbiculaire
1198 373 1246 398 ou
1284 362 1509 409 legerement
1549 364 1719 406 omlaire,

245 422 380 471 aplatie
409 434 455 458 en
488 422 621 458 dessus
650 427 687 458 et
714 435 760 458 en
789 422 966 465 dessous,
1005 424 1220 471 presentant
1247 422 1337 458 dans
1363 423 1397 458 le
1424 421 1586 470 premier
1624 436 1720 467 sens,

246 484 292 519 de
324 482 482 530 grandes
523 488 560 518 et
587 483 632 518 de
670 483 807 531 petites
846 484 1008 519 lamelles
1043 496 1145 520 assez
1186 484 1507 532 irregulierement
1544 484 1721 533 reparties

247 545 473 581 entre-elles.
525 543 600 580 Les
628 544 785 591 grandes
824 545 946 580 seules
986 545 1189 593 atteignent
1220 544 1370 593 jusq'au
1406 551 1555 587 centre3
1598 550 1723 594 toutqs

247 610 330 640 sont
357 605 559 652 largement
582 605 793 640 festonnees
816 616 955 640 comme
983 605 1072 640 dans
1097 606 1252 654 l'espece
1279 606 1509 654 precedente.
1536 606 1608 641 Ces
1633 605 1722 648 den-

247 666 379 702 ticules
406 671 490 701 sont
514 665 674 701 d'autant
695 665 780 714 plus
803 666 922 713 larges
945 665 1050 713 qu'ils
1072 666 1279 702 avoisinent
1299 667 1333 702 le
1360 665 1486 702 milieu
1512 666 1558 702 de
1579 665 1723 702 l’e'toile.

247 725 302 762 La
324 726 469 762 surface
493 725 696 762 inferieure
721 730 776 761 est
801 737 903 761 assez
930 726 1216 773 re‘gulierement
1239 728 1372 770 striee,
1400 739 1510 763 avec
1537 739 1635 763 une-
1653 738 1724 777 ru-

245 786 401 834 gosite
427 798 480 822 au
509 792 691 831 centre,
723 786 800 835 qui
827 787 1056 835 pourroit
1083 787 1202 823 faire
1229 787 1402 832 croire,
1436 799 1522 836 que
1547 788 1589 823 le
1616 782 1724 829 ''Zoof

247 848 392 895 phyte
418 848 572 885 auroit
598 849 672 884 ete
701 848 800 884 fixe'
825 861 903 897 par
930 861 985 885 un
1013 848 1261 896 pedicule3
1288 861 1330 885 ce
1357 849 1445 884 dont
1464 861 1614 885 nousne
1631 861 1723 884 nous

248 920 457 945 souvenons
485 921 563 957 pas,
589 909 737 957 lorsque
759 921 851 944 nous
873 909 907 944 le
927 908 1172 945 recueillimes
1199 909 1335 945 vivant.
1362 909 1551 946 Diametre
1565 910 1609 945 2¹
1623 912 1723 953 2‘².-

348 1007 412 1056 Sp.
437 1008 473 1044 5.
500 1007 542 1043 F.
569 1008 825 1056 dentigera
841 1037 850 1052 ,
878 1021 961 1045 nov.
985 1021 1052 1057 sp.;
1078 1009 1166 1045 Tab.
1191 1009 1260 1044 III.
1288 1007 1368 1055 Fig.
1391 1009 1408 1043 l
1438 1013 1474 1043 et
1495 1008 1531 1043 2.

349 1069 684 1118 Polyparium:
723 1071 883 1107 Ovatum
915 1072 974 1106 vel
1011 1071 1346 1117 oblongo-ovatum,
1373 1081 1484 1117 supra
1508 1079 1725 1110 convexum,

249 1130 346 1165 infra
371 1142 590 1174 concavum3
627 1130 743 1166 centri
768 1143 858 1166 cavo
878 1136 1055 1177 angusto,
1081 1130 1247 1177 obliqu03
1275 1129 1430 1165 lamellis
1456 1128 1721 1176 inaequalibuS,

252 1189 384 1226 leniter
420 1190 620 1233 flexuosis,
659 1191 897 1227 subtilissime
932 1191 1103 1235 serratis,
1140 1192 1185 1227 ad
1218 1192 1331 1227 latera
1361 1190 1519 1239 asperis,
1553 1190 1723 1238 plurimis

251 1250 405 1286 lamellis
429 1251 615 1299 (exceptis
638 1251 806 1288 omnibus
825 1252 870 1288 ad
893 1264 1020 1287 cavum
1044 1251 1160 1287 centri
1181 1252 1426 1294 radiantibus>
1450 1251 1486 1286 in
1514 1251 1587 1287 fine
1612 1250 1726 1301 partis

252 1310 392 1346 altioris
420 1312 530 1347 dente
556 1312 734 1348 crassiore
756 1318 793 1349 et
819 1312 1051 1361 prominente
1075 1312 1275 1349 instructis.

350 1371 560 1408 Animal:
586 1372 762 1420 ignotum.

353 1431 709 1470 Habitaculum:
737 1434 842 1470 Mare
865 1435 1029 1471 rubrum.

353 1519 462 1556 Hanc
498 1520 659 1568 speciem
704 1521 878 1557 celeberr.
913 1533 981 1569 per
1019 1520 1181 1556 Africam
1223 1520 1475 1568 peregrinator
1517 1519 1727 1567 Ruppell

256 1580 404 1628 reperit,
430 1582 536 1629 plura
563 1581 763 1629 specimina
787 1582 824 1617 in
849 1594 977 1618 museo
1003 1581 1307 1617 Francosurtensi
1334 1579 1506 1627 deposuit
1529 1585 1565 1614 et
1587 1591 1727 1614 mecum

256 1651 370 1675 unum
391 1642 580 1689 exemplar
599 1643 777 1678 benevole
798 1642 1091 1678 communicavit.
1142 1643 1267 1690 Quum
1288 1641 1416 1677 nullibi
1434 1639 1543 1688 hujus
1562 1638 1729 1686 Fungiae

259 1701 315 1735 vel
337 1701 622 1750 descriptionem
648 1703 927 1739 convenientem
950 1704 1009 1738 vel
1035 1703 1176 1738 iconem
1206 1702 1371 1750 reperire
1394 1701 1518 1749 potui,
1544 1712 1611 1748 pro
1635 1711 1730 1735 nova

257 1761 380 1809 specie
408 1774 429 1798 a
459 1775 517 1798 me
540 1762 660 1798 habita
689 1768 765 1806 est,
806 1765 849 1800 ab
880 1763 1049 1800 omnibus
1074 1764 1267 1811 hucusque
1292 1762 1381 1799 mihi
1412 1761 1508 1798 notis
1536 1760 1730 1809 speciebus

260 1822 407 1858 omnino
438 1822 591 1858 diversa.
616 1845 664 1851 —-
699 1822 818 1872 Major
852 1824 1083 1872 speciminis,
1111 1825 1208 1872 quod
1233 1824 1418 1873 possideo,
1445 1823 1646 1858 diametrus
1673 1827 1731 1856 est

258 1883 326 1930 372
348 1885 444 1932 poll„
465 1883 584 1920 minor
607 1890 727 1921 autem
751 1886 775 1921 2
794 1887 880 1934 poll.
904 1886 930 1922 8
956 1886 1015 1922 lin.
1068 1884 1208 1934 Majora
1229 1885 1401 1921 nonnulla
1427 1882 1628 1932 specimina
1650 1893 1729 1917 mu-

261 1957 365 1981 seum
385 1945 697 1981 Francofurtense
712 1952 847 1983 servat.
861 1968 908 1973 —
928 1948 1037 1983 Hanc
1057 1947 1217 1996 speciem
1240 1959 1387 1995 semper
1404 1958 1514 1994 supra
1531 1955 1730 1980 convexam

262 2012 298 2040 et
320 2006 415 2041 infra
445 2018 658 2050 concavam,
692 2006 808 2042 forma
836 2014 943 2043 ovata
968 2009 1028 2044 vel
1062 2008 1176 2055 magis
1203 2009 1521 2055 oblongo-ovata,
1561 2004 1650 2040 vidi.
1682 2025 1730 2030 —-

263 2065 377 2102 Stella
410 2067 566 2103 lamellis
597 2067 850 2116 inaequalibus
883 2074 1088 2104 constructa
1121 2075 1188 2104 est.
1241 2069 1424 2105 Lamellae
1450 2064 1683 2113 longissimae
1712 2076 1731 2098 a

265 2129 425 2177 margine
453 2130 499 2165 ad
525 2130 641 2166 centri
674 2143 802 2167 cavum
831 2143 949 2178 usque
976 2143 1123 2179 semper
1151 2130 1277 2165 eadem
1305 2127 1499 2165 altitudine
1526 2125 1668 2161 radiant
1694 2129 1731 2158 et

264 2190 322 2226 hic
347 2195 536 2226 truncatae
562 2190 706 2227 finiunt,
765 2191 867 2228 Inter
893 2193 956 2228 has
990 2192 1153 2228 lamellae
1189 2189 1377 2226 breviores
1404 2193 1441 2223 et
1473 2185 1621 2234 quidem
1650 2185 1731 2219 bre-

264 2251 437 2286 vissimae
456 2239 709 2296 observantur,
735 2265 887 2300 quarum
906 2265 1001 2301 pars,
1021 2265 1040 2288 a
1060 2251 1220 2299 margine
1238 2249 1423 2298 polyparii
1451 2246 1643 2295 incipiens,
1670 2256 1729 2280 ea-

267 2312 348 2347 dem
389 2311 554 2359 priorum
588 2312 780 2350 altitudine
817 2314 975 2363 spatium
1011 2312 1191 2363 quoddam
1232 2315 1397 2348 centrum
1435 2319 1565 2345 versus
1604 2305 1732 2344 tendit,
