1986 2679
660 627 908 672 CAPUT
952 631 1315 692 TERTIUM.

569 702 617 732 DE
646 702 799 735 GENERE
826 705 881 736 FU
890 706 915 736 N
925 706 947 737 G
956 707 1000 737 IA
1009 707 1032 738 E
1061 708 1167 744 (PILZ
1177 726 1195 731 -
1204 709 1379 742 CORALLE
1389 714 1412 748 ).

251 844 429 910 Species
457 864 569 913 hujus
589 866 762 913 Generis,
783 868 860 918 jam
879 870 1024 908 Linneo
1054 879 1170 917 notas,
1196 874 1293 911 inter
1311 876 1553 929 Madreporae
1579 884 1726 931 generis

250 924 540 964 subdivisionem
569 929 722 978 primam
749 931 931 974 „Stella
958 935 1097 971 unica
1124 939 1352 974 communi
1386 939 1615 990 simplici“
1642 957 1724 981 curn

249 983 329 1019 aliis
358 988 457 1022 nullo
497 989 603 1025 modo
630 990 676 1026 iis
703 992 865 1039 cognatis
901 995 1094 1042 speciebus
1127 996 1209 1045 ipse
1236 997 1298 1033 ille
1331 999 1389 1036 vir
1430 1000 1559 1038 doctus
1592 1006 1727 1053 posuit.

250 1043 398 1081 Primus
427 1048 492 1083 cel.
520 1048 738 1087 Lamarck
766 1053 848 1097 fuit,
887 1054 950 1102 qui
977 1055 1204 1104 Fungiarum
1232 1070 1349 1105 genus
1376 1074 1396 1097 a
1422 1061 1726 1113 Madreporarum

246 1117 403 1152 genere,
440 1107 545 1156 cujus
572 1112 717 1159 species
744 1115 947 1152 secundum
975 1118 1132 1154 eundem
1161 1120 1346 1169 propriam
1367 1121 1558 1161 Familiam
1587 1127 1722 1163 consti·

245 1171 355 1202 tuunt
376 1173 412 1203 et
439 1168 476 1204 in
502 1170 608 1218 plura
629 1184 765 1220 genera
791 1175 932 1212 divisae
959 1184 1055 1222 sunt,
1082 1181 1320 1228 separaverit.
1347 1183 1488 1221 Generi
1514 1186 1721 1236 Fungiae

245 1234 443 1274 sequentes
471 1231 699 1269 characteres
724 1235 872 1272 tribuit:

343 1289 587 1339 Polyparium
614 1295 815 1343 lapideum,
842 1298 1008 1342 liberum,
1035 1300 1212 1349 simplex,
1239 1304 1479 1342 orbiculatum
1507 1310 1567 1345 vel
1594 1311 1719 1347 oblon—

244 1361 349 1397 gum,
376 1363 538 1399 superne
565 1365 770 1391 convexum
799 1362 834 1392 et
854 1358 1101 1403 lamellosum,
1129 1373 1210 1398 cum
1229 1364 1357 1401 lacuna
1375 1368 1527 1404 centrali
1553 1370 1718 1419 oblonga.

243 1411 389 1447 inferne
417 1425 616 1451 concavum
644 1422 681 1452 et
708 1418 948 1454 scabrum.—
968 1420 1082 1457 Stella
1110 1423 1215 1460 unica
1242 1424 1438 1472 lamellosa,
1464 1429 1719 1479 subprolifera,

243 1483 438 1519 supernam
466 1475 700 1522 superficiem
729 1490 930 1528 occupans:
969 1483 1124 1519 lamellis
1152 1485 1311 1522 dentatis
1337 1494 1401 1524 aut
1427 1489 1542 1527 latero
1569 1493 1717 1537 (latera-

243 1530 335 1575 liter,
363 1533 632 1581 lateralement)
658 1540 811 1587 asperis.

341 1593 489 1630 Clariss.
516 1596 740 1635 Lamarck
767 1598 845 1647 jam
874 1603 1086 1652 suspicavit‚
1114 1618 1227 1643 unum
1256 1614 1396 1647 tantum
1424 1612 1557 1650 animal
1584 1627 1713 1665 super—

242 1653 361 1689 ficiem
397 1656 674 1705 polypariorum
703 1658 813 1707 hujus
852 1664 1000 1710 generis
1027 1668 1166 1711 colere,
1206 1681 1313 1716 quam
1341 1672 1558 1710 sententiam
1586 1688 1714 1714 recen-

239 1713 352 1750 tiores
379 1721 531 1752 naturae
558 1724 792 1765 scrutatores,
822 1736 853 1759 v.
879 1737 913 1773 g.
940 1726 1077 1775 Quoy
1104 1735 1142 1764 et
1169 1729 1408 1776 Gaimard,
1435 1733 1711 1787 Ehrenberg.

239 1775 511 1814 confirmabant.

336 1836 478 1874 Excell.
506 1840 697 1886 Cuvier,
733 1846 795 1893 qui
824 1848 889 1883 cel.
919 1848 1138 1887 Lamarek
1167 1858 1347 1900 sequutus
1375 1861 1454 1899 est,
1481 1857 1527 1894 de
1554 1860 1622 1896 hoc
1646 1875 1709 1910 ge-

240 1908 329 1932 nere
365 1897 473 1934 dicit:
512 1901 668 1949 „Quand
695 1904 720 1941 il
748 1907 781 1941 n'
805 1920 833 1955 y
860 1920 879 1943 a
907 1910 1042 1957 qu'une
1077 1912 1181 1948 seule
1208 1913 1318 1950 etoile
1345 1915 1554 1965 circulaire,
1588 1935 1634 1959 ou
1663 1937 1707 1960 en

236 1956 333 2005 ligne
351 1959 513 2008 alongee,
541 1964 561 1999 a
579 1964 691 2001 lames
710 1969 784 2004 tres
804 1971 1056 2016 nombreuses,
1083 1986 1124 2009 ce
1153 1980 1236 2010 sont
1263 1975 1316 2011 les
1343 1976 1561 2026 Fongies‚
1589 1982 1707 2020 Lam.

235 2018 336 2056 Leur
354 2021 485 2059 animal
499 2027 713 2073 repre'sente
732 2030 913 2068 vraiment
932 2045 1004 2069 une
1023 2035 1126 2070 seule
1145 2035 1278 2072 actinie
1297 2038 1318 2072 ἐι
1345 2041 1547 2077 tentacules
1572 2045 1707 2090 grands

236 2085 272 2115 et
309 2084 537 2128 nombreux,
578 2093 615 2123 et
649 2088 738 2126 dont
764 2091 797 2127 la
834 2094 976 2130 bouche
1015 2095 1155 2143 re'pond
1182 2097 1202 2132 a
1228 2097 1262 2132 la
1288 2098 1406 2146 partie
1444 2102 1620 2140 enfoncee
1658 2118 1704 2142 ou

235 2140 464 2180 aboutissent
492 2152 614 2184 toutes
640 2150 695 2186 les
721 2152 869 2189 lames“.

333 2203 573 2244 Characteres
610 2211 737 2258 generi
764 2213 975 2263 Fungiae
1010 2229 1028 2252 a
1056 2217 1121 2252 cel.
1150 2216 1450 2269 Schweigger
1487 2223 1562 2261 dati
1600 2234 1702 2264 sunt:

233 2263 396 2305 „Cellula
422 2268 583 2306 solitaria
609 2272 768 2310 calcarea
796 2275 907 2312 libera
935 2277 1086 2320 sessilis,
1114 2282 1204 2321 (non
1232 2279 1363 2322 affixa)
1382 2293 1403 2318 e
1430 2283 1583 2322 lamellis
1611 2287 1698 2326 ‹len—

232 2323 391 2361 ticulatis
419 2336 644 2376 constructa,
671 2335 800 2371 subtus
828 2338 1087 2374 tuberculatzr‘.
1479 2396 1503 2429 5
