1986 2679
875 281 1120 316 -30-

263 379 494 415 reducendae
515 384 611 422 sunt,
639 378 684 414 de
698 378 830 426 quibus
845 380 967 414 autem
983 379 1047 414 cel.
1063 377 1210 414 Linne
1229 378 1328 415 dicit:
1354 379 1561 427 „Antiquae
1576 381 1730 419 Sueciae

263 445 300 476 et
326 439 435 475 maris
478 438 606 474 Baltici
646 439 781 475 incolas
811 439 926 475 fuisse
963 440 1113 475 dubium
1142 452 1224 475 esse
1264 440 1423 487 nequit“.
1475 441 1516 475 In
1544 440 1728 477 littoribus

259 500 410 548 anglicis
438 500 597 548 speciem
613 501 898 549 Caryophylliae
926 501 1070 548 Cyatho
1097 501 1245 536 affinem
1274 501 1338 536 De
1364 502 1407 536 la
1436 500 1593 536 Beche
1621 512 1728 549 repe—

259 561 315 595 rit.
368 561 523 596 Oculina
550 561 751 610 (Madrep.)
779 562 953 610 prolifera
981 562 1091 597 ctiam
1126 562 1170 597 ab
1208 561 1533 609 Ehrenbergio
1571 561 1609 596 in
1647 560 1730 596 sinu

262 621 529 658 Christianensi
566 623 772 670 Norvegiae
801 635 821 658 e
849 623 963 658 fundo
999 623 1108 658 maris
1145 628 1307 659 extracta
1334 627 1400 658 est.
1451 622 1640 659 Marcel
1676 622 1729 657 de

261 682 426 718 Serres
455 688 535 718 octo
563 682 724 719 Generis
753 683 1014 731 Madreporae,
1044 682 1097 726 L„
1124 683 1268 730 species
1294 683 1332 718 in
1360 682 1449 719 mari
1463 682 1731 718 mediterraneo

260 742 419 779 Galliam
446 743 721 779 meridionalem
749 745 910 780 alluente
928 750 1162 780 occurrentes
1189 745 1342 789 indicit3·
1364 745 1454 780 haec
1480 749 1586 780 sunt:
1613 742 1729 778 Madr.

260 803 412 851 Porpita
425 804 493 847 (ἓ),
523 805 572 840 Μ.
585 805 725 841 Patella
741 806 807 850 (ἓ),
825 806 875 841 Μ.
891 806 1069 853 Cyathus,
1097 806 1148 842 M.
1161 807 1452 854 Anthophyllum
1468 805 1537 848 (22),
1565 805 1614 840 M.
1629 804 1729 839 Ana-

257 874 322 898 nas
338 863 401 912 (2),
432 864 481 900 M.
509 877 673 908 arenosa,
700 866 752 902 M.
779 867 997 914 calycularis
1024 872 1060 903 et
1088 868 1137 902 M.
1167 867 1381 915 caespitosa.
1433 866 1729 901 villeneuve

257 922 331 958 huc
348 924 522 960 tredecim
541 925 822 974 Zoophytorum
849 928 1118 964 lamellosorum
1138 928 1280 976 species
1308 926 1473 975 ejusdem
1502 925 1611 962 maris
1638 936 1729 960 enu-

257 983 432 1019 meravit:
451 985 752 1034 Caryophylliam
765 988 960 1035 Cyathum,
971 988 1222 1036 caespitosam,
1242 1000 1400 1023 rameam
1411 992 1448 1022 et
1460 983 1732 1032 flexuosam(·.2),

257 1043 439 1092 Fungiam
469 1048 760 1094 agariciformem
784 1050 877 1092 (22),
905 1049 1111 1097 Agariciam
1131 1049 1344 1084 cucullatam
1356 1048 1425 1090 (ἓ),
1452 1044 1729 1082 Maeandrinam

258 1106 453 1141 areolatam
481 1113 518 1142 et
544 1108 699 1156 crispam
727 1110 791 1158 (22),
819 1111 1009 1145 Astraeam
1040 1111 1202 1145 Ananam
1226 1109 1295 1153 (22),
1319 1112 1505 1157 ‘porcatam
1528 1107 1582 1151 (ἓ)
1610 1110 1647 1140 et
1673 1105 1727 1139 fa—

259 1166 436 1201 veolatam
464 1166 663 1217 (fossilem)
684 1170 759 1214 (22),
788 1171 980 1207 Oculinam
1008 1170 1209 1218 virgineam
1236 1175 1273 1205 et
1298 1169 1522 1217 proliferam.
1574 1165 1731 1208 Risso,

258 1225 316 1260 vir
342 1225 501 1264 incertae
520 1230 619 1274 fidei,
646 1231 711 1266 has
740 1232 865 1268 decem
892 1232 929 1267 in
957 1231 1223 1267 mediterraneo
1250 1242 1365 1278 prope
1386 1229 1532 1265 Nizzam
1561 1227 1730 1261 viventes

256 1294 422 1336 repertas
444 1290 587 1338 species
617 1291 895 1340 Zoophytorum
927 1294 1198 1328 lamellosorum
1226 1292 1389 1328 breviter
1416 1289 1631 1338 descripsit:
1659 1288 1727 1324 Ca-

257 1351 505 1399 ryophylliam
534 1365 753 1402 europaeam
780 1354 834 1399 R„
861 1356 941 1390 Car.
966 1366 1195 1403 pygmaeam,
1221 1354 1277 1395 R..
1305 1354 1345 1388 C.
1373 1351 1567 1399 Cyathum,
1595 1349 1635 1384 C.
1654 1349 1728 1384 fas-

255 1410 463 1456 ciculatam,
502 1414 542 1449 C.
568 1415 832 1461 calycularem,
870 1415 910 1450 C.
946 1414 1206 1462 caespitosam,
1245 1414 1285 1449 C.
1320 1424 1495 1455 rameam‚
1535 1411 1724 1446 Astraeam

255 1472 559 1510 mediterraneam
587 1482 624 1510 et,
643 1475 834 1511 Oculinam
856 1475 1068 1522 virgineam,
1095 1475 1229 1522 quibus
1256 1475 1384 1522 plures
1411 1471 1554 1521 species
1582 1469 1727 1506 fossiles

256 1532 374 1568 adhuc
400 1535 552 1570 addidit.
604 1535 767 1572 Generis
795 1537 973 1572 Astraeae
1001 1536 1161 1584 speciem
1190 1535 1334 1571 Milne
1362 1532 1586 1569 Edwards
1618 1542 1727 1578 prae-

255 1593 381 1629 sertim
409 1594 445 1629 in
473 1595 626 1643 rupibus
654 1595 803 1631 marinis
830 1608 946 1643 prope
985 1595 1170 1642 Algeriam
1198 1593 1419 1630 observavit.
1480 1589 1725 1627 Bet-toloni

257 1654 513 1704 Madreporam
551 1656 792 1704 caespitosam
821 1661 858 1691 et
885 1656 1002 1691 Madr.
1036 1668 1193 1691 rameam
1221 1655 1259 1690 in
1287 1653 1453 1702 ejusdem
1481 1651 1589 1687 maris
1615 1655 1726 1698 portu

254 1714 384 1751 Lunae
412 1717 633 1760 observavit,
662 1717 834 1764 idemque
862 1716 1018 1759 indicat,
1048 1716 1303 1763 Madreporam
1331 1714 1515 1761 Cyathum
1543 1710 1724 1759 Ligustici

254 1775 363 1810 maris
393 1777 485 1812 vada
511 1790 626 1825 prope
654 1777 824 1814 Genuam
853 1776 1069 1812 inhabitare.
1114 1775 1335 1811 Cavolini
1363 1780 1484 1810 autem
1513 1784 1620 1808 unam
1645 1777 1724 1806 tan-

258 1841 334 1872 tum
366 1836 403 1872 in
430 1837 514 1872 sinu
542 1839 774 1885 neapolitano
802 1839 987 1874 inventam
1022 1837 1303 1884 Madreporam,
1341 1835 1391 1870 M.
1417 1846 1549 1881 nempe
1578 1833 1724 1879 calycu-

255 1897 366 1932 larem
397 1897 603 1945 descripsit,
630 1911 741 1946 quum
769 1901 883 1935 altera
910 1898 1053 1947 species
1082 1910 1189 1946 quam
1208 1896 1353 1945 generis
1373 1896 1615 1942 Madreporae
1643 1905 1724 1928 esse

255 1955 402 2001 indicat,
428 1970 469 1993 re
491 1970 578 1994 vera
605 1959 827 2007 Madrepora
854 1972 926 1995 non
954 1964 1028 2002 est,
1055 1959 1121 1994 sed
1149 1959 1193 1994 ad
1222 1958 1375 2001 Genus,
1403 1956 1501 2003 quod
1537 1953 1724 1990 Cavolinia

256 2016 401 2061 dicitur,
426 2018 603 2067 pertinet.
649 2019 739 2055 Sine
766 2019 875 2056 dubio
901 2019 940 2055 in
969 2019 1060 2055 mari
1088 2019 1347 2060 mediter-aneo,
1375 2015 1535 2052 Africam
1554 2015 1727 2055 alluente,

255 2077 347 2114 aliae
374 2079 493 2115 adhuc
518 2080 584 2116 sed
603 2079 724 2116 minus
741 2085 848 2115 notae
867 2079 998 2115 horum
1012 2079 1291 2127 Zoophytorum
1311 2076 1453 2126 species
1468 2080 1722 2112 occurrunt.—

261 2139 338 2176 Cel.
355 2140 401 2178 G.
425 2141 551 2177 Olivi
580 2155 599 2177 e
626 2141 716 2178 mari
743 2140 917 2177 adriatico
943 2145 1019 2176 tres
1036 2140 1339 2188 Madreporarum
1360 2137 1502 2186 species
1521 2135 1727 2186 descripsit,

255 2203 422 2251 Madrep.
449 2203 714 2246 verrucariam,
739 2203 783 2239 L.
809 2203 873 2248 (de
899 2214 971 2250 qua
997 2200 1120 2250 specie
1147 2200 1221 2236 vid.
1247 2201 1388 2244 antea),
1415 2198 1466 2234 M.
1493 2196 1722 2237 turbinatam,

256 2263 322 2306 (M.
351 2264 546 2311 Cyathum,
574 2263 642 2306 L.)
671 2269 708 2300 et
734 2264 784 2300 M.
810 2264 1080 2306 fascicularem,
1107 2261 1175 2310 (M.
1203 2259 1455 2308 caespitosam,
1483 2258 1561 2302 lh),
1589 2257 1721 2305 quibus

256 2323 301 2361 G.
329 2323 382 2359 de
418 2324 626 2360 Martens
662 2330 827 2372 quartam
854 2325 973 2361 adhuc
999 2321 1109 2371 hujus
1137 2321 1247 2359 maris
1273 2319 1439 2369 ejusdem
1467 2317 1613 2366 generis
1639 2329 1722 2365 spe-
