1986 2679
851 283 1098 320 -46-

239 391 344 441 quasi
371 390 535 426 inclusae
562 385 793 428 videbantur,
821 381 1025 419 observavi.
1052 381 1300 418 Lamellarum
1327 392 1457 417 cursus
1485 380 1593 416 solito
1613 392 1714 416 more

240 458 367 490 rectus
381 463 401 486 a
417 448 579 496 margine
594 451 759 483 centrum
775 456 906 480 versus
922 442 1101 492 procedit3
1127 442 1312 479 interdum
1326 447 1449 478 autem
1460 441 1625 477 lamellae
1639 453 1715 476 ma-

240 514 296 562 gis
325 510 487 549 undatim
501 509 570 553 vel,
587 512 681 543 teste
696 503 1029 551 Ehrenbergio,
1058 508 1287 539 monstruose
1302 503 1473 546 inflexae⁷
1500 501 1717 538 tendunt.—

244 573 371 611 Gentri
387 584 518 608 cavum
545 568 701 606 maxima
727 578 774 602 ex
796 571 901 614 parte
924 566 1119 611 oblongum
1139 564 1334 611 reperitur,
1360 563 1399 599 in
1425 562 1569 599 duobus
1596 565 1717 597 autem

241 633 505 684 speciminibus
545 629 638 674 (vid.
678 627 758 675 Fig.
800 627 847 669 1.)
880 624 1150 661 subrotundum
1176 623 1265 659 vidi.
1330 624 1407 659 Cel.
1443 622 1719 668 Ehrenberg

242 697 310 733 hoc
336 699 501 731 centrum
529 694 606 733 (os)
635 689 754 725 adhuc
781 685 1054 728 excentricum‚
1091 684 1282 721 dilatatum
1310 689 1347 720 et
1370 688 1601 720 monstruose
1626 682 1719 718 dila-

240 762 403 794 ceratum
443 758 552 800 atque
590 748 871 796 multiplicatum
916 744 1138 781 observavit.
1168 766 1216 771 —-
1248 745 1292 781 In
1326 744 1494 780 inferiori
1533 741 1718 792 polyparii

242 822 346 867 parte
373 814 618 854 denticulata,
659 810 788 845 dentes
817 806 1067 855 magnitudine
1094 805 1277 854 inaequali
1313 817 1460 841 cursum
1487 804 1716 840 lamellarum

241 880 449 926 sequuntur
483 873 573 919 (vid.
599 871 680 919 Fig.
707 870 771 915 4.).
824 867 965 916 Majora
998 867 1200 916 specimina
1227 868 1292 903 hos
1320 867 1450 911 dentes
1485 862 1640 912 majores
1680 868 1716 899 et

242 938 442 977 crassiores
469 941 506 971 et
540 933 655 981 magis
688 932 901 980 inaequales
940 930 1160 972 ostendunt,
1194 940 1302 976 quam
1331 927 1486 967 minora,
1521 924 1621 961 etin
1648 922 1720 960 illis

244 998 400 1048 majores
428 997 559 1033 dentes
592 1006 743 1043 asperos
770 993 980 1040 iterumque
1021 990 1282 1033 denticulatos,
1318 987 1540 1037 praesertim
1575 986 1612 1022 in
1648 997 1721 1021 uno

245 1057 466 1108 exemplari,
515 1055 652 1092 inveni.
717 1055 760 1090 In
799 1055 866 1090 hac
904 1057 1029 1102 parte,
1064 1051 1101 1087 in
1141 1063 1211 1099 qua
1250 1062 1396 1098 semper
1435 1049 1561 1097 plures
1601 1047 1719 1083 lineae

243 1121 440 1158 circulares
454 1116 703 1155 concentricae
719 1114 914 1151 distinctae
931 1119 1027 1158 sunt,
1054 1112 1239 1148 interdum
1268 1111 1375 1148 etiam
1402 1111 1526 1159 proles
1540 1110 1718 1156 (gemma)

244 1183 376 1226 affixa,
413 1182 471 1216 vel
498 1192 571 1216 una
598 1183 738 1214 tantum
764 1177 884 1220 stella,
920 1180 960 1212 ut
987 1175 1024 1210 in
1051 1173 1253 1223 specimine
1288 1172 1370 1220 ipse
1397 1171 1493 1214 vidi,
1532 1170 1593 1206 vel
1631 1179 1721 1204 non-

244 1245 383 1289 nullae,
418 1253 565 1290 semper
591 1238 745 1276 lamellis
773 1237 886 1284 magis
913 1236 1010 1272 inter
1037 1248 1077 1271 se
1104 1233 1345 1276 distantibus,
1381 1235 1578 1268 occurrunt
1598 1232 1656 1272 Η).
1673 1250 1720 1256 -—

246 1305 356 1340 Color
382 1301 567 1352 polyparii
594 1300 737 1337 albidus
765 1300 824 1334 vel
851 1298 954 1334 albus
982 1302 1048 1333 est.

350 1383 414 1432 Sp.
442 1383 477 1418 2.
504 1382 524 1417 2
552 1381 594 1416 F.
623 1379 876 1428 cyclolites
898 1376 1059 1425 (Fongie
1087 1375 1288 1424 cyclolite)‚
1314 1374 1430 1411 Lam.

348 1442 677 1491 Polyparium:
727 1439 962 1484 Orbiculare‚
1008 1436 1302 1485 subellipticum,
1345 1436 1475 1471 subtus
1514 1444 1723 1475 concavum,

251 1505 467 1543 tenuissime
494 1504 697 1548 radiatum3
736 1503 841 1538 stella
877 1512 1060 1544 convexa,
1088 1497 1203 1535 centri
1231 1509 1320 1533 cavo
1357 1496 1532 1543 oblong03
1571 1492 1725 1530 lamellis

251 1566 523 1611 inaequalibus,
551 1564 769 1607 crenulatis,
796 1563 843 1598 ad
868 1563 982 1598 latera
1008 1559 1162 1608 asperis.

350 1626 553 1662 Animal:
580 1625 758 1672 ignotum.

350 1686 702 1723 Habitaculum:
743 1684 845 1719 Mare
881 1682 1109 1726 Australiae,
1148 1681 1185 1717 in
1225 1692 1296 1728 quo
1338 1680 1429 1715 hanc
1463 1677 1624 1726 speciem
1660 1676 1725 1711 cel.

254 1749 403 1784 Peron
432 1752 469 1782 et
495 1747 714 1782 Lesueur
740 1745 977 1792 collegerunt.

353 1807 590 1850 Lamarck,
616 1806 652 1842 in
681 1807 749 1842 1.l.
776 1818 811 1853 p.
839 1804 925 1840 371.

354 1866 487 1903 Blain
501 1866 633 1910 ville,
662 1867 819 1903 Diction.
848 1867 913 1903 des
940 1866 997 1902 Sc.
1025 1870 1140 1902 natur.
1167 1865 1211 1901 T.
1238 1864 1359 1901 XVII.
1386 1877 1421 1913 p.
1449 1863 1538 1900 216.

353 1927 589 1977 Ejusdem,
618 1928 767 1964 Manuel
795 1929 1032 1976 d'Actinolog.
1058 1941 1094 1976 p.
1113 1927 1199 1963 337.
1228 1927 1318 1962 Tab.
1345 1925 1408 1961 51.
1435 1924 1517 1973 Fig.
1544 1923 1580 1960 2.

256 1990 409 2040 Species
429 1989 577 2034 minuta,
596 1989 753 2036 elegans,
772 1988 939 2036 Fungiae
966 1988 1230 2036 agariciformis
1249 1987 1390 2023 similis.
1420 1986 1477 2021 An
1500 1985 1654 2035 pullus?

359 2075 420 2123 Sp.
447 2074 483 2110 3.
508 2073 552 2109 F.
580 2072 897 2109 actinil'ormis
925 2072 1083 2121 (Fongie
1113 2072 1285 2121 Actinie),
1312 2073 1447 2121 Quoy
1475 2076 1511 2107 et
1539 2069 1679 2107 Gaim.

359 2134 683 2183 Polyparium:
711 2133 935 2177 orbiculare,
963 2145 1170 2170 convexum
1189 2133 1226 2169 in
1259 2133 1391 2175 medio,
1422 2133 1616 2174 elevatum,
1642 2130 1728 2166 sub-

261 2201 320 2232 tus
338 2195 618 2245 planiusculum,
646 2194 864 2243 regulariter
882 2195 1063 2239 striatam,
1089 2195 1243 2232 lamellis
1270 2192 1566 2241 subaequalibus5
1590 2190 1729 2228 lobatis.

266 2315 311 2353 ¹⁴)
335 2314 400 2346 Vid.
424 2323 448 2345 e.
471 2323 498 2353 g.
522 2316 625 2346 icones
647 2315 685 2346 ab
718 2316 841 2355 Esper
863 2318 893 2347 in
916 2316 987 2348 Tab.
1010 2316 1043 2348 Π.
1066 2315 1095 2347 F.
1119 2316 1146 2348 1.
1168 2313 1367 2353 (Madrepora
1391 2310 1548 2350 echinata)
1571 2313 1601 2342 et
1623 2318 1639 2342 ει
1662 2309 1682 2339 L
1692 2317 1728 2338 a-

343 2373 548 2404 mouroux,
572 2366 643 2397 Tab.
668 2366 713 2397 28.
736 2367 766 2398 F.
790 2368 815 2398 1.
839 2367 932 2399 datas.
