1986 2679
849 262 1095 297 -10-

237 357 443 405 perato⁴)
467 362 588 393 tamen
599 357 766 402 corallia,
793 357 840 394 de
867 362 996 396 natura
1023 357 1150 398 eo'ffim
1173 363 1321 410 quidem
1337 364 1374 400 in
1387 364 1508 402 dubiis
1522 368 1707 406 haesitans

235 426 273 456 et
287 432 340 462 ea,
366 419 498 468 partim
520 419 680 468 quidem,
707 420 876 456 animalia
902 433 985 457 esse
1003 422 1206 471 suspicans,
1233 424 1329 461 inter
1344 427 1559 473 vegetabilia
1571 428 1708 465 marina

235 480 368 528 posuit.
420 480 554 517 Plures
581 480 642 516 alii
670 487 815 525 autem,
843 481 932 530 quin
961 482 1071 518 etiam
1100 489 1247 520 veteres
1266 491 1418 522 naturae
1444 488 1709 532 observatores,

234 540 391 576 Corallia
429 553 541 588 regno
578 540 743 577 minerali
780 542 1019 590 adsignabant
1047 551 1083 580 et
1116 546 1367 582 concretiones
1402 547 1586 595 lapidosas
1621 561 1708 585 casu

234 603 291 637 vel
319 603 404 638 lusu
432 602 587 650 quodam
617 608 768 639 naturae
799 604 1073 641 diversissimas
1112 606 1248 642 formas
1282 613 1488 652 sumentes,
1515 609 1706 644 habebant.

233 662 343 697 Multi
370 667 490 698 autem
518 668 671 698 naturae
698 669 923 700 scrutatores
963 677 1083 713 usque
1109 666 1154 703 ad
1178 666 1324 704 initium
1351 668 1487 704 saeculi
1514 669 1706 717 praeteriti

231 723 388 759 Corallia
414 723 556 771 plantas
584 735 667 758 esse
694 725 910 769 censebant3
938 725 1036 762 inter
1053 732 1199 763 veteres
1219 741 1251 764 e.
1268 741 1302 777 g.
1328 729 1704 778 Theophrastus,

232 784 549 828 Dioscorides,
578 784 778 829 Plinius,
806 786 1021 829 Ovidius,
1048 787 1146 824 inter
1171 789 1396 826 recentiores
1414 784 1445 826 e.
1462 803 1496 838 g.
1522 791 1705 826 Caesal-

230 847 328 895 pin,
358 845 550 888 Bauhin,
579 845 790 889 ClusiuS,
817 845 928 894 Ray,
955 847 1029 883 alii.
1056 850 1241 898 Imprimis
1268 856 1389 887 autem
1414 853 1478 887 cel.
1497 851 1705 888 Tourne-

230 908 275 944 fo
286 913 324 943 rt
352 910 405 950 ⁵),
444 907 568 943 multis
596 907 934 955 disquisitionibus,
975 922 1069 958 quae
1107 911 1252 948 illorum
1291 917 1454 948 naturam
1483 913 1705 961 spectabant,

230 969 346 1011 nisus,
373 968 410 1004 in
437 967 611 1017 operibus
637 968 714 1004 suis
741 970 917 1007 botanicis
945 971 982 1008 in
1006 973 1148 1021 plantas
1178 986 1221 1009 ea
1241 973 1446 1021 descripsit.
1470 975 1701 1010 Coaetaneus

232 1031 296 1066 cel.
324 1030 637 1072 Tournefort,
664 1030 851 1066 illustriss.
887 1032 1020 1068 Comes
1048 1033 1258 1070 Marsilli
1292 1034 1453 1082 primUS,
1490 1034 1596 1070 initio
1623 1047 1703 1071 sae-

231 1091 303 1126 culi
330 1090 533 1139 praeteriti,
560 1091 801 1127 Coi-alliorum
827 1093 1085 1128 nonnullorum
1111 1093 1279 1130 animalia
1306 1094 1511 1131 accuratius
1532 1095 1703 1131 observa-

233 1153 297 1195 vit,
324 1152 444 1189 omnia
458 1165 552 1201 quae
571 1153 776 1202 descripsit,
796 1167 921 1190 eorum
941 1154 978 1190 in
995 1154 1084 1191 locis
1102 1155 1337 1204 propriisque
1354 1155 1541 1203 indagavit
1553 1156 1704 1193 sedibus

231 1219 267 1248 et.
293 1213 489 1261 diligenter
515 1213 596 1262 ipse
624 1227 723 1250 mare
760 1216 1070 1252 mediterraneum
1099 1222 1353 1265 perscrutatus
1380 1223 1454 1261 est3
1490 1217 1614 1253 icones
1641 1230 1703 1253 eo-

231 1287 310 1311 rum
326 1275 438 1319 dedit,
466 1281 502 1311 et
522 1276 759 1313 mobilitatem
788 1290 915 1315 eorum
935 1283 971 1314 et
988 1278 1304 1327 contractilitatem
1324 1277 1504 1325 cognovit,
1531 1278 1703 1326 opinione

231 1337 414 1372 communi
441 1341 563 1373 autem
591 1349 821 1386 nequaquam
846 1339 981 1384 relicta,
1010 1340 1167 1376 Corellia
1188 1339 1428 1388 s.Polyparia
1453 1340 1596 1388 plantas
1623 1352 1704 1375 esse

230 1398 335 1442 dixit,
355 1399 512 1447 polypos
528 1405 650 1435 autem
665 1412 706 1435 ea
720 1400 966 1436 inhabitantes
983 1414 1091 1437 veros
1108 1402 1220 1437 fiores
1235 1401 1438 1443 habebatss).
1465 1401 1624 1436 Naturae
1639 1402 1701 1436 ob-

252 1502 280 1537 ⁴J
302 1503 489 1541 Imperato
519 1505 549 1533 in
571 1512 663 1542 opere
691 1513 762 1535 suo:
791 1505 866 1535 Dell'
888 1505 1020 1536 Historia
1048 1506 1194 1536 naturale.
1226 1506 1343 1545 Napoli.
1366 1506 1450 1535 1590.
1472 1507 1499 1535 li.
1548 1505 1699 1535 Corallina

308 1557 506 1593 expressione
529 1556 716 1593 „vegetabili
738 1556 861 1586 marn1i“
891 1558 1041 1595 siguificat
1064 1560 1108 1596 (p.
1131 1558 1205 1592 713)
1228 1561 1257 1587 et
1286 1557 1345 1587 alio
1367 1557 1434 1586 loeo
1457 1558 1503 1591 (p.
1526 1556 1601 1590 117)
1624 1555 1700 1585 haee

309 1606 346 1636 de
381 1608 417 1637 iis
453 1608 585 1645 profert:
635 1608 721 1637 Delle
760 1607 840 1638 dette
880 1610 1070 1639 consistenze
1107 1609 1228 1647 lapidee
1272 1608 1348 1638 altre
1390 1616 1466 1638 sono
1499 1608 1699 1637 ricouosoiute

307 1659 552 1697 semplicemente
581 1662 660 1689 sotto
697 1660 800 1698 spezie
838 1659 867 1689 di
902 1662 1004 1698 piante
1032 1659 1170 1698 lapidee,
1201 1667 1285 1689 come
1313 1659 1332 1688 li
1362 1658 1471 1689 Coralli
1498 1666 1591 1695 sono⁷
1628 1667 1644 1687 e
1673 1658 1700 1687 le

308 1712 410 1748 specie
441 1710 477 1740 de
499 1711 588 1740 Pori:
647 1711 751 1741 altre
791 1711 1048 1749 degeneranti
1083 1710 1116 1740 al
1160 1718 1255 1749 geno
1298 1710 1333 1741 di
1371 1710 1548 1748 animali,
1597 1717 1700 1739 come

309 1762 341 1792 16
377 1761 525 1800 Madrip
536 1770 611 1800 ore,
661 1762 697 1792 de
728 1762 808 1801 quali
846 1762 921 1792 altre
959 1769 1034 1791 sono
1064 1760 1093 1791 di
1128 1762 1223 1799 primo
1262 1763 1471 1799 nascimento,
1512 1761 1588 1791 altre
1616 1761 1699 1791 dira—

307 1821 414 1851 mano,
438 1821 453 1842 e
475 1813 606 1851 pigliano
628 1814 852 1844 assiduamente
874 1814 1031 1852 aggiunta,
1060 1812 1258 1843 indurandosi
1289 1813 1317 1843 la
1351 1816 1437 1851 parte
1459 1814 1558 1843 antica
1581 1814 1610 1842 in
1632 1820 1699 1842 rna-

308 1865 416 1895 nisesta
439 1865 628 1895 consistenza
651 1865 802 1903 corallina7
824 1873 840 1894 e
863 1863 1084 1895 ooncreandosi
1106 1864 1134 1893 le
1154 1872 1281 1901 nouove,
1304 1865 1446 1903 aggiunte
1463 1865 1493 1894 in
1508 1865 1697 1895 consistenza

309 1916 397 1945 mista
420 1915 448 1945 di
474 1916 568 1954 Poro,
598 1924 613 1946 e
636 1916 665 1945 di
688 1915 866 1946 sordidezza
892 1924 1036 1955 carnosa,
1068 1924 1115 1945 ma
1138 1915 1167 1946 la
1199 1915 1352 1945 Tubulara
1383 1915 1589 1945 ultimamenta
1619 1914 1698 1945 detta

307 1966 481 2005 (Tubulara
503 1975 655 2005 purpurea
680 1984 717 1987 —
740 1967 893 2006 Tubipora
918 1967 1068 2006 musica),
1102 1976 1117 1998 e
1146 1967 1335 2006 semplice
1365 1966 1635 1998 concettacolo
1665 1966 1698 1996 di

310 2019 591 2048 concreazione
613 2018 796 2048 animali⁴‘.

251 2069 279 2104 ⁵)
303 2068 506 2099 Institutiones
529 2071 572 2099 rei
594 2069 749 2100 herbariae.
772 2070 818 2100 III.
842 2069 908 2100 Vol.
930 2070 1025 2100 Paris.
1050 2070 1135 2100 1700.
1158 2072 1184 2100 4.

251 2120 280 2155 ⁶)
302 2120 409 2150 Brieve
431 2122 563 2151 ristretto
587 2121 634 2151 del
657 2123 762 2160 saggio
786 2122 869 2152 fisioo
891 2124 1012 2152 intorno
1034 2122 1093 2152 alla
1115 2123 1208 2152 storia
1232 2121 1261 2152 di
1279 2129 1370 2152 mare.
1394 2121 1533 2151 Venezia.
1565 2121 1648 2150 1711.
1672 2122 1696 2149 li.

309 2171 527 2210 Ejusdemque:
551 2172 680 2203 Histoire
694 2174 844 2213 physique
866 2173 904 2204 de
925 2174 955 2204 la
976 2182 1047 2204 mer.
1060 2173 1261 2204 Amsterdam.
1282 2173 1365 2204 1725.
1387 2172 1436 2203 sol.
1453 2172 1536 2202 Conf.
1546 2180 1569 2202 e.
1582 2180 1610 2210 g.
1627 2171 1698 2201 Tab.

309 2223 556 2255 XXXVIII-»XL
578 2225 747 2256 Marsilli
769 2228 799 2256 in
820 2227 877 2257 hoc
898 2235 991 2265 opere
1014 2225 1149 2257 secundo
1170 2225 1216 2264 (p.
1232 2223 1288 2263 52)
1307 2225 1382 2254 haec
1403 2223 1507 2254 habet:
1530 2223 1572 2253 La
1595 2222 1698 2252 durete

312 2275 365 2304 des
394 2275 512 2313 plantes
541 2277 730 2314 pfflreuses,
763 2279 814 2316 qui
835 2284 952 2308 momre
974 2287 1032 2308 une
1062 2282 1168 2308 nature
1200 2281 1280 2307 toute
1309 2276 1464 2306 differente
1488 2274 1524 2305 de
1548 2275 1623 2305 celle
1645 2274 1698 2304 des

311 2330 410 2357 autres
432 2327 549 2366 plantes
572 2328 609 2358 de
631 2329 658 2358 la
680 2337 755 2360 mer.
787 2338 824 2360 ou
848 2330 885 2360 de
908 2331 936 2361 la
958 2334 1052 2367 terre,
1075 2330 1091 2359 a
1114 2330 1162 2359 fait
1189 2328 1294 2359 douter
1313 2327 1433 2366 jusqu‘a
1454 2326 1593 2365 present,
1616 2326 1641 2355 si
1663 2333 1697 2354 ce
