1986 2679
662 671 912 715 CAPUT
937 672 1273 717 PRIMUM.

571 762 623 794 DE
653 761 855 795 CORALLIIS
884 770 909 793 s.
933 762 1112 794 culmus
1136 763 1177 794 IN
1198 763 1361 797 GENERE.

228 890 338 941 Etsi
358 903 436 953 jam
463 903 607 953 priores
634 903 880 940 accuratiores
906 908 1060 939 naturae
1098 908 1343 950 scrutatores,
1381 918 1412 942 e.
1438 917 1471 954 g.
1496 908 1562 944 cel.
1587 908 1703 947 Ron-

228 967 375 1009 delet,
402 966 575 1001 nonnulla
601 965 644 1001 ab
671 964 717 1000 iis
743 964 887 1012 cognita
913 964 1072 1001 Gorallia
1097 964 1195 1001 inter
1213 965 1395 1002 Animalia
1413 966 1608 1017 Zoophyta
1634 983 1704 1007 nu-

227 1033 464 1064 meraverunt
482 1026 521 1075 ¹),
548 1026 619 1063 etsi
637 1031 721 1075 post
742 1026 996 1063 Rondeleti
1011 1039 1075 1063 um
1102 1027 1314 1064 nominatim
1337 1028 1556 1076 diligentiss.
1574 1032 1703 1069 Conr.

227 1087 264 1125 G
276 1099 386 1124 esne
397 1100 414 1123 r
428 1090 458 1130 2)
487 1099 560 1123 non
586 1087 704 1123 solum
722 1087 869 1123 Pennas
885 1087 1042 1123 marinas
1057 1088 1334 1134 (Pennatulas)‚
1360 1090 1425 1127 sed
1441 1091 1549 1128 etiam
1563 1092 1703 1130 Escha--

226 1160 303 1185 ram
332 1148 593 1197 (Reteporam)
622 1152 659 1184 et
684 1147 863 1196 spongias
882 1147 945 1196 (de
976 1149 1104 1185 harum
1132 1149 1355 1187 animalitate
1382 1151 1530 1200 quidem
1550 1154 1703 1203 dubius)

225 1209 443 1245 animalibus
478 1208 551 1244 illis
584 1207 796 1257 adscripsit,
835 1208 969 1246 deinde
1004 1215 1127 1246 autem
1165 1210 1246 1260 ipsa
1280 1212 1448 1250 animalia
1490 1214 1702 1264 Gorgoniae

225 1267 415 1317 cujusdam
442 1269 936 1318 (Gon-goniaeverrucosae)
960 1271 1132 1318 cognovit
1148 1273 1195 1320 ³),
1224 1285 1345 1322 egreg.
1361 1273 1595 1313 Ferrante
1622 1278 1701 1314 Im-

230 1390 258 1426 ¹)
279 1390 340 1422 Cel.
361 1389 554 1421 Rondelet
574 1390 749 1421 nominatim
772 1390 945 1428 (Universae
967 1391 1153 1431 Aquatilium
1177 1393 1310 1424 historiae
1332 1403 1403 1433 pars
1425 1395 1529 1429 altera.
1550 1396 1696 1437 Lugduni.

302 1441 387 1471 1555.
411 1440 470 1471 Fol.
482 1448 509 1478 p.
523 1439 598 1479 133)
621 1441 689 1479 huc,
711 1440 853 1471 Escharae
875 1442 1004 1480 nomine,
1022 1442 1202 1480 Reteporam
1225 1445 1401 1476 cellulosam
1422 1448 1518 1479 refert
1539 1452 1568 1479 et
1589 1448 1698 1480 bonam

302 1493 368 1530 ejus
401 1494 518 1522 iconem
552 1491 681 1524 exhibet.
725 1493 790 1522 Hoc
817 1495 918 1522 autem
947 1500 1007 1523 non
1035 1493 1155 1524 silentio
1184 1497 1352 1533 praeterire
1383 1505 1521 1538 possum,
1555 1507 1616 1530 non
1644 1510 1699 1531 so—

298 1543 359 1574 lum
376 1542 647 1574 Bondeletium
667 1543 741 1582 (100.
757 1542 857 1582 laud.)
880 1544 934 1574 sed
948 1546 1036 1574 etiam
1053 1545 1144 1583 longo
1166 1548 1303 1584 tempore
1319 1550 1390 1578 ante
1411 1556 1478 1579 eum
1499 1549 1697 1581 Aristote—

299 1594 372 1625 lem
403 1594 555 1633 (Historia
575 1595 703 1626 Animal.
725 1595 789 1626 Lib.
811 1595 831 1626 I.
861 1603 925 1635 cap.
950 1595 974 1626 1.
1003 1595 1067 1626 Lib.
1090 1596 1124 1627 V.
1147 1604 1212 1636 cap.
1238 1599 1282 1629 14.
1304 1602 1333 1630 et
1355 1598 1423 1638 aL),
1464 1600 1539 1631 Pet.
1560 1601 1698 1632 Bellon

299 1646 363 1685 (De
384 1647 576 1686 Aquatilibus
605 1651 660 1679 eto.
687 1648 780 1679 Paris.
809 1648 895 1679 1553.
916 1649 943 1679 8.
977 1658 1004 1688 p.
1037 1648 1114 1688 435)
1148 1653 1178 1681 et
1206 1649 1283 1681 alios
1318 1654 1438 1682 veteres
1466 1656 1580 1683 naturae
1607 1661 1697 1684 scru—

298 1701 414 1729 tatores
432 1698 584 1737 Spongias
605 1700 785 1730 animalibus
807 1700 1036 1732 adnumerasse.
1078 1702 1320 1733 Aristoteles
1342 1711 1368 1734 e.
1391 1712 1418 1742 g.
1443 1704 1524 1744 dicit,
1544 1705 1695 1745 Spongins

297 1749 528 1780 sensibilitatem
557 1751 718 1791 quandam,
747 1752 828 1791 quod
863 1756 892 1783 et
919 1752 1134 1791 Aelianus,
1166 1753 1409 1786 Plutarchus
1437 1756 1551 1796 aliique
1587 1759 1696 1789 credo—

297 1800 387 1840 bant,
416 1801 531 1832 habere
552 1801 657 1841 videri,
680 1807 708 1834 et
729 1804 934 1835 Bellonius
960 1813 1013 1835 eas
1040 1805 1199 1843 zoophyta
1227 1807 1367 1845 ancipitis
1394 1811 1507 1839 naturae
1537 1817 1695 1848 exanguia,

298 1860 363 1891 quae
386 1852 424 1882 ab
447 1853 626 1885 animalibus
649 1858 678 1885 et
699 1855 810 1894 plantis
833 1856 987 1895 differant,
1010 1857 1151 1896 appellat.

237 1903 267 1939 ²)
290 1903 420 1934 Historia
442 1905 631 1937 Animalium.
661 1906 726 1937 Lib.
747 1907 786 1938 IV
809 1907 846 1938 de
879 1908 1078 1947 Aquatilibus.
1108 1908 1219 1948 Tiguri.
1248 1910 1333 1942 1558.
1360 1910 1409 1942 soL
1432 1919 1459 1950 p.
1481 1911 1556 1951 438,
1578 1921 1605 1951 p.
1627 1912 1692 1943 81⁸,

296 1964 324 1994 p.
347 1956 433 1995 1066,
453 1965 520 1996 sqq.

238 2003 268 2044 ³]
291 2005 322 2036 C.
345 2006 509 2039 Gesneri
531 2008 568 2038 de
590 2008 700 2040 Rerum
723 2009 879 2049 fossilium,
900 2009 1033 2049 lapidum
1056 2014 1085 2041 et
1107 2019 1294 2050 gemmarum
1317 2014 1455 2053 maxime,
1477 2014 1581 2053 figuris
1604 2020 1632 2047 et
1648 2018 1691 2046 si—

295 2057 515 2090 militudinibus
537 2060 636 2091 Liber.
660 2061 771 2100 Tiguri.
795 2062 916 2093 15658.
938 2062 1003 2093 Etsi
1027 2062 1220 2093 Gesnerus
1242 2064 1272 2093 in
1286 2063 1344 2094 hoc
1357 2063 1434 2095 libro
1453 2065 1582 2096 Corallia
1601 2067 1692 2105 plan-

279 2111 338 2138 ·tas
360 2111 492 2141 marinas
515 2111 614 2150 habet,
637 2115 738 2143 tamen
760 2112 798 2144 de
829 2112 985 2152 Gorgoniae
1006 2115 1110 2153 specie
1131 2114 1262 2153 quadem
1284 2117 1442 2154 sequentia
1464 2125 1491 2155 p.
1516 2117 1572 2148 136
1605 2117 1689 2149 dicit:

294 2159 421 2198 „Crusta
444 2167 569 2202 aspectu
585 2172 695 2203 aspera
705 2168 760 2204 est,
781 2169 813 2196 ut
826 2166 922 2197 Pieeae
937 2168 1021 2206 rami,
1044 2167 1174 2197 cuifolia
1199 2165 1384 2205 deciderunt,
1406 2168 1520 2199 relictis
1542 2170 1685 2207 vestigiis.

293 2210 430 2251 vestigia
460 2214 536 2245 haec
563 2216 594 2245 in
623 2216 717 2254 priori
745 2218 847 2255 specie
876 2219 1045 2257 prominent
1071 2217 1188 2248 modice
1210 2217 1248 2248 ab
1278 2220 1360 2249 omni
1389 2219 1573 2251 ramulorum
1593 2226 1688 2260 parte,

224 2267 228 2269 ’
292 2262 422 2294 rotunda
444 2272 509 2295 cum
530 2269 642 2304 puncto
664 2274 738 2297 cavo
760 2274 816 2298 ceu
837 2271 950 2307 centro,
972 2268 1139 2300 acetabulis
1168 2269 1298 2301 minimis
1328 2270 1457 2302 similia:
1489 2272 1593 2303 inest
1621 2281 1685 2302 au-

292 2313 365 2343 tem
382 2315 551 2353 singulis
566 2318 753 2349 minimum
775 2319 864 2359 quid
884 2321 1042 2360 russum,
1066 2329 1134 2352 ceu
1155 2321 1393 2353 vermiculus
1416 2323 1605 2362 multipes

1464 2362 1487 2398 2
