1986 2679
272 924 525 1007 Adsurgite
566 954 767 996 hodierno
811 957 881 997 die
925 960 1031 1000 festo
1077 967 1119 1000 et
1170 961 1401 1011 fortunato,
1441 964 1747 1020 qualescunque

275 1018 393 1059 estis!
418 1020 651 1075 Adsurgite
672 1021 854 1062 omnium
879 1024 1086 1066 Ordinum
1109 1026 1307 1081 Collegae
1323 1031 1568 1082 praecordiis
1588 1047 1751 1075 summa

274 1083 432 1137 pietate
448 1092 490 1125 et
507 1087 768 1129 observantia
785 1089 972 1132 imbutis!
1002 1094 1234 1148 Adsurgite
1251 1103 1376 1150 grato
1394 1105 1436 1138 et
1448 1098 1594 1140 dedito
1609 1100 1748 1142 animo

272 1152 513 1193 Academiae
542 1154 1033 1205 ,Al-berto-Ludovicianae
1059 1161 1181 1202 Cives
1207 1169 1249 1202 et
1272 1164 1598 1216 Commilitones,
1627 1175 1746 1222 quot·

275 1226 376 1270 quot
401 1220 581 1262 adestis!

421 1354 526 1394 Dies
587 1357 737 1397 natalis
792 1359 1000 1401 sollemnis
1064 1362 1283 1403 Serenis
1296 1363 1414 1404 simi
1477 1366 1748 1420 Principis

278 1418 573 1460 LEOPOLDI
586 1452 595 1469 ‚
634 1423 711 1462 Ma
725 1424 810 1478 gni
841 1426 1001 1467 Ducis
1036 1428 1291 1469 Badarum
1326 1432 1746 1475 elementissimi,

268 1485 528 1526 Rectoris
576 1488 982 1533 Universitatis
1033 1502 1257 1537 nostrae
1303 1498 1746 1552 Magnificentis—

268 1550 411 1600 simi,
442 1553 633 1595 Patris
663 1556 885 1609 patriae
914 1559 1341 1616 Benignissimi,
1370 1565 1495 1606 hodie
1516 1567 1662 1617 redux,
1691 1570 1744 1610 ab

270 1618 460 1660 omnibus
501 1621 618 1663 bonis
662 1630 814 1665 nostrae
857 1632 982 1667 terrae
1024 1627 1181 1669 civibus
1221 1638 1392 1683 pectore
1431 1632 1583 1673 laetitiae
1620 1635 1742 1688 pleno

271 1685 535 1741 maximaque
558 1689 771 1743 voluptate
786 1691 939 1746 ubique
963 1695 1209 1737 celebratur.
1239 1698 1343 1745 Quis
1370 1706 1432 1738 est
1450 1707 1649 1750 nostrum,
1672 1702 1743 1756 qui

271 1751 366 1792 talis
389 1753 474 1793 diei
497 1755 550 1795 sit
577 1755 818 1799 immemor!
851 1760 955 1808 Quis
985 1769 1047 1802 est
1071 1771 1257 1803 nostrum
1285 1771 1371 1803 tam
1391 1766 1524 1805 ‘rudis
1557 1775 1599 1808 et
1616 1767 1741 1822 [inho-

263 1826 422 1867 nestus,
466 1821 564 1874 quin
580 1853 590 1870 ‚
627 1824 786 1876 gaudio
828 1834 870 1866 et
910 1827 1121 1870 hilaritate
1165 1838 1291 1883 atque
1322 1831 1401 1884 piis
1440 1834 1633 1885 precibus
1664 1835 1740 1876 im-

265 1884 412 1937 pletus,
441 1894 538 1927 vota
562 1902 640 1941 pro
666 1890 873 1943 Optimo
900 1893 1144 1948 Principe
1175 1897 1229 1936 ad
1259 1898 1373 1937 Deos
1400 1899 1503 1938 verti
1533 1901 1586 1940 ab
1611 1902 1741 1942 omni-

269 1952 346 1991 bus
371 1953 518 2006 patriae
548 1963 699 1997 nostrae
724 1957 868 2000 incolis
897 1960 1126 2002 desideret!

373 2086 646 2141 Templorum
669 2101 908 2134 nostrorum
937 2106 1070 2149 portae
1093 2105 1187 2139 sunt
1213 2109 1379 2154 apertae.
1438 2104 1625 2154 Introite,
1642 2107 1737 2147 Col-

263 2151 365 2206 legae
395 2161 437 2194 et
467 2155 589 2197 Cives
618 2160 852 2201 academici
880 2165 1042 2205 omnes!
1073 2165 1228 2207 Preces
1254 2169 1413 2211 fundite
1438 2177 1480 2210 et
1500 2178 1594 2212 vota
1613 2173 1737 2215 facite

263 2231 341 2270 pro
362 2220 602 2277 Principe
633 2240 819 2269 summe
850 2230 1093 2281 Colendo,
1118 2240 1171 2283 et,
1202 2242 1248 2275 ut
1265 2235 1390 2277 vitam
1416 2252 1539 2291 quam
1558 2240 1738 2280 maxime

256 2283 421 2339 longam
459 2296 501 2329 et
534 2291 811 2336 felicissimam
849 2299 1128 2354 cujuscunque
1174 2303 1463 2346 sollicitudinis
1510 2314 1726 2360 expertem
