1986 2679
865 272 1111 308 -20-

252 371 489 408 Tubulariam
528 368 640 418 hujus
679 369 788 406 maris
814 369 968 405 incolam
997 369 1111 413 (Tub.
1146 367 1287 417 caspia,
1315 368 1393 413 R),
1420 369 1627 418 descripsit.
1677 371 1720 407 In

254 432 343 493 magi
371 431 475 479 nigro
502 443 591 467 vero
628 430 794 467 diversas
828 430 1071 467 Coralliorum
1107 429 1252 478 species
1288 429 1416 466 vivere
1443 430 1623 467 dicuntur.
1674 432 1723 469 Ut

249 493 384 529 clariss.
401 490 596 528 Forskffl
613 491 661 540 5⁰)
683 491 829 528 circiter
843 490 997 527 20—30
1012 491 1253 528 Coralliorum
1269 491 1413 540 species
1441 491 1479 527 in
1508 491 1597 528 mari
1611 493 1721 529 rubro

252 554 421 590 viventes
440 553 649 602 descripsit,
676 552 1015 600 egreg.Savigny
1035 554 1085 594 ⁵¹)
1099 557 1222 589 autem
1250 551 1456 588 circiter20
1470 556 1507 587 et
1521 553 1646 601 plures
1660 564 1722 588 eo-

252 628 331 651 rum
348 615 492 663 species
507 614 759 663 depingendas
775 612 927 657 curavit,
951 612 1000 648 ita
1019 612 1203 648 oculatiss.
1231 613 1296 649 Eh
1309 613 1512 661 renberg
1527 612 1722 649 recentiori

250 682 415 724 tempore
456 674 629 723 majorem
667 674 794 710 talium
828 673 1037 710 animalium
1072 673 1212 722 copiam
1247 673 1347 710 illius
1385 673 1495 710 maris
1531 673 1722 721 colligebat

252 743 287 772 et
313 737 408 772 circa
433 736 484 771 90
512 735 656 784 species
693 734 905 771 animalium
933 735 1005 770 huc
1038 733 1303 782 pertinentium
1343 732 1513 783 (adjectis
1542 733 1723 769 Actininis

249 806 286 833 et
324 797 538 833 Zoanthinis
577 802 699 833 autem
740 797 813 832 110
849 796 1010 845 species)
1047 796 1252 832 accuratius
1290 795 1485 843 inquisitas
1523 793 1721 830 memoriae

250 858 412 907 prodidit
429 861 489 900 ⁵2).
542 857 728 894 Maximus
756 857 964 906 specierum
992 858 1062 894 huc
1088 856 1353 907 pertinentium
1379 856 1470 892 etin
1498 856 1587 892 mari
1614 856 1723 891 rubro

250 919 453 955 viventium
480 931 656 955 numerus
684 924 741 955 est
767 919 944 955 Familiae
978 919 1257 967 Zoophytorum
1286 918 1556 954 lamellosorum
1585 929 1614 952 s.
1644 916 1722 952 Ma—

249 981 548 1029 dreporinorum‚
589 993 683 1029 quae
709 993 728 1016 a
756 982 820 1016 cel.
856 981 1127 1027 Ehrenberg
1160 979 1198 1015 in
1237 984 1395 1027 quatuor
1429 977 1603 1014 Familias
1642 976 1720 1012 Ma-

250 1042 548 1090 dreporinorum,
578 1042 858 1086 Dadalinorum,
899 1042 1139 1077 Oculinorum
1168 1046 1205 1076 et
1241 1040 1494 1087 Funginorum
1529 1037 1724 1074 distributa

251 1109 317 1139 est.
357 1104 562 1139 Memoratu
595 1103 744 1150 dignum
782 1108 863 1146 est,
890 1104 927 1138 in
963 1104 1030 1138 hoc
1065 1102 1154 1138 mari
1188 1101 1363 1138 Familias
1400 1100 1723 1139 Sertularinorum.

250 1163 548 1211 Gorgoninorum
575 1169 612 1199 et
648 1164 993 1200 Pennatulariorum
1022 1163 1192 1205 omnino,
1232 1164 1399 1210 exceptis
1427 1160 1554 1209 paucis
1582 1165 1721 1196 tantum

250 1226 406 1261 sortasse
434 1224 639 1272 speciebus,
668 1225 796 1260 vivere
824 1237 895 1261 non
926 1224 1056 1260 videri.
1108 1225 1165 1259 De
1193 1223 1451 1259 distributione
1479 1220 1722 1269 geographica

251 1286 490 1322 Coralliorum
520 1299 644 1322 eorum
674 1286 846 1330 marium,
885 1299 978 1334 quae
1006 1298 1088 1321 oras
1115 1285 1281 1327 Africae,
1310 1283 1439 1325 Asiae,
1468 1280 1659 1317 Americae
1687 1287 1724 1316 et

251 1347 388 1383 insulas
418 1347 624 1383 Australiae
651 1347 821 1394 cingunt,
860 1358 976 1394 pauca
1002 1351 1143 1381 tantum
1178 1350 1276 1380 certe
1315 1343 1387 1379 dici
1414 1348 1585 1391 possunt,
1624 1341 1721 1389 quod

250 1408 525 1457 disquisitiones
552 1408 588 1444 in
617 1408 705 1443 haec
731 1407 900 1443 animalia
929 1408 1045 1442 factae
1072 1417 1301 1453 nequaquam
1328 1405 1446 1440 adhuc
1472 1403 1660 1451 perfectae
1688 1408 1724 1438 et

250 1469 446 1505 relationes
482 1470 528 1505 de
566 1469 760 1517 speciebus
795 1481 842 1503 ex
879 1468 935 1503 his
972 1467 1131 1503 maribus
1166 1466 1325 1502 collectis
1365 1465 1581 1514 saepissime
1611 1476 1717 1512 quam

253 1532 410 1566 maxime
437 1531 596 1565 incertae
616 1535 711 1565 sunt.
763 1528 986 1564 Novissimis
1014 1527 1241 1576 temporibus
1267 1532 1414 1575 praeter
1437 1526 1527 1561 alios
1555 1536 1721 1572 praeser—

253 1591 318 1627 tim
355 1591 652 1639 peregrinatores
691 1589 882 1626 clarissimi
921 1590 1123 1631 Lesson,
1163 1589 1297 1636 Quoy
1338 1594 1374 1622 et
1414 1585 1636 1622 Gaimard
1678 1585 1722 1619 (le

253 1652 376 1688 multis
405 1652 460 1687 his
488 1651 703 1687 animalibus
741 1651 916 1686 certiores
943 1663 1008 1686 nos
1039 1650 1216 1685 fecerunt.
1280 1646 1562 1684 Accuratissime
1599 1646 1719 1681 littora

253 1713 389 1748 Oceani
418 1712 546 1756 indici,
589 1712 805 1755 Australiae‚
834 1712 1040 1746 [nsularum
1071 1710 1314 1746 Maluinarum
1344 1716 1380 1744 et
1409 1709 1615 1744 insularum
1646 1708 1719 1741 An-

252 1773 408 1808 tillarum
429 1773 670 1821 (posteriores
697 1772 914 1821 praesertim
942 1785 961 1808 a
989 1773 1053 1808 cel.
1074 1771 1274 1808 Lesieur
1302 1775 1338 1806 et
1356 1770 1519 1805 Carolo
1549 1769 1721 1803 Ehren-

254 1835 383 1880 berg)
427 1834 698 1881 pervestigatae
738 1834 1051 1870 sunu—Novam
1089 1832 1286 1868 editionem
1327 1830 1464 1866 clariss.
1504 1829 1723 1864 Lamarck

255 1894 443 1929 Historiae
471 1894 645 1929 naturalis
673 1894 882 1930 animalium
912 1894 1162 1929 vertebrarum
1191 1892 1412 1940 expertium,
1438 1903 1457 1926 a
1485 1892 1549 1926 cel.
1579 1889 1723 1924 Milne

255 1957 474 1992 Edwards
502 1961 539 1991 et
577 1956 824 2002 Deshayes
853 1961 1028 1998 curatam,
1067 1953 1234 1989 consului
1267 1954 1332 1996 ⁵³),
1372 1957 1412 1986 ut
1439 1962 1486 1986 ex
1514 1962 1555 1985 ea
1582 1950 1720 1997 aliquot

258 2044 303 2083 ⁵⁰)
328 2046 553 2083 Descriptiones
575 2045 754 2075 Animalium
778 2048 842 2083 eto,
865 2053 942 2083 quac
965 2046 994 2074 in
1017 2045 1123 2074 itinere
1146 2043 1283 2073 orientali
1306 2042 1477 2072 observarit
1500 2041 1529 2070 P.
1553 2039 1720 2071 Fors-ital*

333 2097 426 2126 llarn.
454 2098 535 2126 1775.
557 2099 584 2127 4.
606 2106 632 2135 p.
658 2097 723 2135 1⁴28,
745 2105 811 2135 sqq.

257 2148 303 2187 5¹)
326 2149 518 2186 Description
541 2148 577 2177 dc
600 2148 745 2186 l‘Egypte.
774 2148 834 2178 Fol.
855 2147 1011 2177 Planclles.
1027 2147 1209 2185 Zoophytos.

257 2200 300 2235 ⁵2)
324 2200 389 2229 Hoc
417 2199 483 2242 loco
518 2199 682 2229 notandum
705 2203 758 2237 cst,
787 2199 902 2230 clariss.
932 2200 1028 2229 virum
1057 2197 1283 2236 Ehrenbcrg
1305 2197 1403 2227 nullas
1425 2197 1543 2234 species
1568 2194 1722 2224 divisionis

336 2252 372 2281 ab
396 2259 430 2281 eo
454 2252 550 2281 sactae
573 2254 601 2281 et
623 2251 792 2288 Bryozoa
814 2252 993 2287 nominatae,
1017 2258 1076 2288 quo
1099 2258 1123 2279 e.
1141 2258 1167 2288 g.
1184 2249 1326 2279 Familiae
1340 2247 1721 2286 Halcyonolteorum„‹jor-

336 2302 549 2340 milarinoruin7
572 2302 815 2339 Escharinorum‚
839 2302 1096 2340 Celleporinorum
1119 2302 1283 2339 pertinent,
1306 2301 1486 2330 nominasse.

258 2352 304 2391 ⁵³)
328 2352 448 2384 Histore
471 2353 619 2383 naturelle
642 2352 695 2384 des
717 2354 868 2385 Aninlaux
889 2361 961 2384 sans
985 2352 1159 2383 Vertebres.
1204 2352 1286 2382 Toni.
1309 2352 1341 2381 H.
1380 2351 1445 2380 Par.
1473 2350 1556 2381 1836.
1578 2350 1606 2379 ὅ,
