1986 2679
632 686 880 730 CAPUT
909 687 1327 731 SECUNDUM.

783 776 834 807 DE
863 775 1162 808 MADREPORINIS.

237 921 434 973 Summus
468 937 615 973 Linne
650 936 792 985 primus
829 936 917 981 fuit,
956 936 1019 984 qui
1054 936 1110 980 (in
1147 936 1309 972 editione
1343 936 1565 984 Systematis
1606 942 1710 974 natu-

232 1009 295 1033 rae
331 997 489 1040 decima)
519 997 651 1034 Genus
678 998 986 1046 Madreporae
1007 1000 1035 1040 1>
1064 997 1266 1042 constituit,
1292 997 1365 1033 huc
1403 998 1567 1046 priorum
1586 1004 1709 1034 aucto-

236 1071 318 1095 rum
346 1059 485 1102 Poros,
524 1059 676 1107 Fungos
705 1059 862 1094 marinos
890 1064 927 1094 et
954 1057 1111 1094 Corallia
1146 1059 1322 1106 pleraque
1349 1058 1486 1103 retulit,
1512 1057 1709 1095 vermibus

235 1119 477 1168 Lithophytis
491 1119 633 1156 addidit
651 1121 690 1168 2),
711 1132 792 1155 cum
811 1119 1008 1167 generibus
1027 1118 1240 1166 Tubiporae
1264 1124 1301 1154 et
1316 1119 1531 1166 Milleporae
1558 1119 1595 1154 in
1615 1119 1712 1154 hunc

238 1180 428 1216 Vermium
445 1180 610 1216 ordinem
631 1180 774 1228 redegit
791 1179 948 1228 ejusque
961 1179 1110 1227 generis
1125 1180 1353 1215 characteres
1371 1178 1473 1214 dedit
1499 1184 1712 1226 sequentes:

237 1240 550 1289 „Madreporaz
587 1241 733 1277 Animal
768 1242 925 1277 Medusa
959 1241 1100 1289 (Ellis
1137 1253 1209 1276 cor.
1243 1241 1287 1276 Τ.
1313 1241 1374 1276 32.
1401 1240 1445 1276 F.
1473 1240 1517 1275 A.
1543 1239 1710 1275 Donati

236 1300 378 1337 Adriat.
405 1302 449 1337 Τ.
476 1301 511 1337 6.
537 1302 561 1337 f.
576 1302 637 1350 F.)
666 1302 865 1338 Corallium
893 1301 1113 1337 cavitatibus
1140 1299 1535 1336 lamelloso-stellatis“.
1562 1299 1606 1334 In
1634 1298 1712 1334 edi—

237 1360 337 1396 tione
365 1361 505 1397 decima
531 1362 639 1398 tertia
667 1362 913 1406 Gmeliniana‚
938 1362 977 1397 in
1004 1374 1076 1409 qua
1088 1359 1166 1408 jam
1188 1360 1262 1395 113
1282 1360 1424 1408 species
1451 1365 1524 1397 tam
1544 1359 1713 1395 viventes

239 1433 346 1468 quam
374 1422 521 1458 fossiles
549 1428 828 1465 enumerantur,
864 1422 932 1456 hoc
957 1432 1075 1468 genus
1101 1420 1298 1455 Vermibus
1324 1420 1529 1468 Zoophytis
1556 1420 1713 1456 additur.

238 1481 398 1516 Diverso
427 1482 729 1529 Madreporarum
758 1481 883 1517 habitu
905 1479 982 1528 jam
1009 1479 1159 1516 Linne
1194 1478 1305 1528 hujus
1332 1480 1479 1527 generis
1507 1480 1649 1528 species
1676 1480 1714 1515 in

240 1542 432 1576 nonnullas
459 1541 743 1585 subdivisiones,
769 1542 806 1577 in
826 1542 1012 1590 simplices
1032 1554 1177 1589 nempe,
1204 1541 1421 1587 compositas
1440 1547 1477 1577 et
1502 1546 1713 1589 aggregatas

241 1600 423 1636 distinxit.
450 1601 540 1636 Post
565 1601 697 1637 illustr.
726 1602 872 1637 Linne
898 1608 1049 1638 naturae
1077 1607 1299 1637 scrutatores
1324 1602 1393 1637 hoc
1409 1614 1525 1648 genus
1542 1602 1577 1636 in
1599 1600 1714 1648 scrip-

241 1661 289 1697 tis
316 1661 821 1710 adoptabant.—-Excellent.
848 1662 1007 1698 Pallas
1035 1662 1274 1710 Madreporas
1293 1662 1492 1698 subdivisit
1509 1662 1545 1697 in
1574 1661 1714 1709 simpli-

244 1735 315 1767 ces,
332 1727 585 1758 concatenatas
604 1722 657 1768 (β.
679 1724 997 1771 conglomeratas),
1014 1728 1235 1770 aggregatas,
1251 1722 1486 1766 dichotomas,
1502 1727 1714 1769 vegetantes

243 1788 281 1818 et
306 1785 507 1827 anomalas,
533 1796 628 1831 quae
655 1797 782 1821 omnes
809 1790 930 1821 autem
960 1785 1162 1821 divisiones
1190 1784 1228 1820 in
1256 1797 1316 1828 eo,
1343 1789 1384 1820 ut
1410 1785 1474 1819 cel.
1501 1783 1657 1818 Pallas
1681 1783 1712 1824 ³)

244 1844 342 1889 dicit,
369 1844 614 1890 conveniunt,
641 1847 760 1894 „quod
788 1846 936 1882 Carallii
964 1845 1149 1882 solidioris
1177 1844 1471 1881 extremitatibus
1499 1844 1557 1878 vel
1585 1854 1713 1891 super-

243 1904 341 1940 ficiei
368 1904 569 1954 insculptas
595 1912 723 1953 gerant
758 1908 973 1943 cavernulas
1000 1919 1198 1949 concavam,
1236 1903 1617 1945 infundibulilbrmes,
1655 1909 1712 1937 tu-

270 2053 296 2089 ¹)
319 2053 384 2083 Hoe
406 2055 543 2093 nomine,
579 2055 678 2085 italice
705 2055 943 2094 Madripora‚
973 2056 1086 2094 primus
1116 2056 1206 2085 utitur
1235 2054 1288 2083 cel.
1316 2053 1504 2091 Iniperato
1536 2051 1584 2090 (in
1605 2051 1622 2080 l.
1646 2051 1663 2080 l.
1687 2060 1713 2089 p,

325 2105 399 2141 717)
422 2105 460 2135 ad
489 2106 687 2136 Coralliorum
719 2108 852 2145 speciem
881 2106 1032 2145 quandam
1055 2105 1297 2144 significandam,
1321 2104 1390 2135 dum
1412 2105 1526 2142 primus
1548 2103 1715 2132 Linneus

325 2154 405 2185 idem
426 2163 536 2185 nomen
557 2158 663 2195 generi
685 2157 804 2187 cuidam
825 2157 1051 2195 Zoopliytorum
1075 2157 1216 2186 distincto
1239 2156 1349 2186 tribuit.

269 2204 301 2244 ²)
323 2205 357 2235 In
381 2206 438 2236 hac
460 2208 633 2243 systematis
656 2211 782 2238 naturae
806 2208 937 2239 editione
960 2216 1065 2239 summ.
1088 2208 1207 2238 Linne
1234 2208 1361 2237 Verines
1383 2205 1563 2243 Lithophyta
1587 2208 1615 2234 et
1638 2205 1715 2234 Ver—

326 2265 390 2287 mes
412 2257 571 2296 Zoophyta
592 2259 622 2288 in
646 2258 722 2289 duos
745 2261 896 2297 separavit
919 2259 1050 2290 ordines.

271 2306 303 2345 ³)
325 2306 356 2337 L.
379 2307 397 2337 l.
419 2315 447 2345 p.
470 2308 536 2337 279.
