1986 2679
854 246 1100 285 -21—

240 343 575 380 animadversiones
622 345 812 393 generales
863 345 909 381 de
964 346 1222 383 distributione
1272 347 1512 384 Goralliorum
1563 360 1715 396 geogra-

239 405 349 453 phica
375 405 570 442 haurirem.
630 406 673 440 In
700 406 768 441 hoe
794 417 905 454 opere
933 406 1080 454 quidem
1108 408 1326 456 imperfecte
1352 414 1492 446 tantum
1520 415 1626 445 notae
1653 421 1714 445 eo-

240 478 321 502 rum
360 466 502 514 species
541 471 791 511 enumeratae,
838 466 946 503 etiam
985 469 1062 504 loca
1107 468 1166 505 ubi
1214 469 1380 505 viverent
1426 483 1537 519 saepe
1588 469 1714 506 indili-

233 526 380 574 gentius
430 525 586 561 indicata
629 532 734 569 surm
773 531 932 563 attamen
972 528 1008 564 in
1054 529 1181 565 eodem
1217 530 1396 578 plurimae
1441 530 1584 578 species
1626 531 1709 567 dili-

237 587 395 635 gentiori
421 598 508 622 cura
536 587 721 623 exhibitae
739 593 834 632 sunt,
862 601 969 636 quam
997 589 1032 625 in
1065 591 1138 626 ullo
1173 590 1242 626 alio
1269 591 1368 626 libro.
1420 590 1480 626 Ex
1508 592 1574 627 lioc
1601 604 1712 640 opere

239 649 322 696 plus
349 660 455 695 quam
473 647 550 683 600
569 649 713 696 species
734 649 974 686 Coralliorum
1005 650 1173 687 vivorum
1202 651 1454 699 cognoscimus
1474 654 1531 697 ⁵⁴),
1559 664 1714 700 quorum

239 709 322 757 plus
347 721 453 756 quam
487 709 560 744 100
587 709 741 758 species,
769 723 921 758 quarum
955 712 1073 760 patria
1102 713 1161 748 vel
1197 712 1318 759 ignota
1346 714 1404 749 vel
1431 726 1503 749 non
1532 713 1620 749 satis
1648 725 1713 749 ex-

239 770 378 817 plorata
405 775 479 813 est,
512 771 798 807 communicatae
825 777 918 807 sunt.
971 773 1073 809 Idem
1102 774 1170 809 hoc
1196 786 1289 822 opus
1316 773 1353 810 in
1380 774 1596 810 universum
1624 774 1713 810 haec

238 830 340 866 nobis
367 831 489 866 tradit.
540 832 757 879 Specieruin
784 833 976 881 hucusque
1006 840 1171 871 notarum
1192 835 1370 871 Familiae
1398 835 1711 871 Sertularinorum

238 891 303 934 (G.
331 891 551 937 scriniaria,
587 893 885 942 Campanularia‚
925 895 1128 939 Plumaria,
1168 896 1453 940 Antennularia‚
1495 896 1711 939 Laomedea‚

238 951 456 995 Serialaria,
483 955 563 996 rel.)
592 959 628 989 et
663 954 948 997 Cellarinorum,
984 956 1045 991 tali
1083 957 1189 992 modo
1226 957 1443 992 distributae
1470 962 1572 1000 sunt,
1609 962 1649 992 ut
1674 956 1712 991 in

239 1012 397 1048 maribus
426 1015 630 1062 europaeis,
658 1015 693 1051 in
722 1016 833 1051 Zonis
860 1016 973 1064 igitur
1000 1017 1213 1066 temperatis
1241 1023 1277 1053 et
1304 1019 1417 1066 magis
1444 1017 1713 1066 septentriona-

238 1073 344 1115 libus,
370 1074 550 1121 plurimae
585 1081 751 1124 repertae
779 1077 870 1121 sint‚
909 1077 1153 1125 paucissimae
1180 1084 1301 1114 autem
1328 1079 1366 1114 in
1394 1078 1553 1115 maribus
1581 1078 1711 1114 atrica-

237 1133 303 1169 nis.
357 1135 488 1170 Plures
516 1136 660 1184 species
699 1137 807 1173 etiam
836 1138 872 1173 in
902 1140 1062 1174 maribus
1097 1140 1331 1183 Australiae,
1368 1140 1562 1189 pauciores
1589 1144 1710 1175 autem

236 1194 272 1229 in
302 1195 460 1232 maribus
488 1197 598 1233 Asiae
626 1204 662 1234 et
689 1199 816 1235 Indiae
844 1205 954 1248 atque
983 1200 1175 1236 Amet-icae
1202 1205 1465 1236 occurrant.—
1493 1199 1524 1235 E
1542 1198 1710 1235 Familiis

236 1255 552 1303 Celleporinorum
582 1265 618 1293 et
647 1259 931 1295 Escharinorum
959 1260 1177 1308 (Polypiers
1204 1263 1224 1296 a
1251 1273 1401 1305 reseau‚
1430 1260 1564 1304 Lam,
1599 1260 1712 1295 Cera-

235 1316 388 1364 topbyta
417 1317 580 1361 soliacea,
607 1319 695 1353 Sch
708 1320 767 1366 w.)
796 1319 953 1355 maxima
981 1320 1084 1368 copia
1111 1321 1316 1369 specierum
1346 1327 1513 1358 notarum
1540 1322 1578 1357 in
1603 1320 1711 1357 mari-

235 1376 302 1411 bus
330 1377 523 1425 europaeis
552 1384 588 1414 et
606 1379 739 1414 deinde
767 1379 802 1415 in
832 1381 992 1416 maribus
1015 1382 1221 1417 Australiae
1248 1382 1446 1418 invenitur.
1499 1382 1711 1418 Earundem

236 1437 454 1474 familiarum
484 1441 608 1488 plures
637 1442 779 1488 species
807 1442 843 1478 in
871 1443 1032 1479 maribus
1060 1444 1276 1479 americanis
1297 1445 1464 1479 viventes
1492 1444 1557 1479 cel.
1577 1444 1710 1492 Quoy

235 1504 271 1533 et
311 1499 531 1536 Gaimartl
576 1503 797 1550 praesentim
835 1504 880 1539 ad
919 1505 1063 1540 Insulas
1102 1505 1282 1540 Maluinas
1310 1504 1533 1539 invenerunt
1571 1508 1608 1538 et
1646 1504 1711 1539 cel.

238 1559 446 1608 Savigny
481 1562 607 1609 plures
643 1575 767 1598 earum
809 1564 953 1612 species
990 1565 1026 1600 in
1055 1566 1144 1601 mari
1183 1566 1293 1601 rubro
1333 1566 1508 1612 degentes
1546 1564 1707 1600 delinea-

234 1620 285 1656 vit
315 1623 374 1664 ⁵⁵).
426 1622 626 1659 Praeterea
666 1623 702 1659 in
739 1624 818 1660 aliis
848 1625 998 1662 Africae
1041 1632 1078 1662 et
1112 1627 1224 1662 Asiae
1262 1627 1422 1662 maribus
1461 1638 1598 1674 paucae
1628 1632 1708 1661 tan·

234 1688 311 1718 tum
340 1695 464 1719 earum
493 1684 636 1732 species
664 1686 707 1721 ad
737 1691 896 1722 nostram
926 1700 1043 1735 usque
1070 1693 1226 1723 aetatem
1254 1688 1529 1723 animadversae
1557 1692 1703 1722 sunt.—

235 1743 511 1792 Milleporarum
540 1745 683 1793 species
712 1752 748 1782 et
775 1747 811 1783 in
840 1748 1001 1785 maribus
1030 1749 1224 1797 europaeis
1252 1756 1288 1784 et
1315 1749 1351 1784 in
1380 1749 1576 1790 extraneis,
1605 1754 1645 1783 ut
1671 1748 1706 1784 in

236 1803 324 1838 mari
352 1804 485 1846 rubro,
525 1804 560 1839 in
589 1817 722 1841 oceano
760 1806 881 1843 indico
921 1814 957 1844 et
999 1809 1202 1845 americano
1237 1811 1452 1846 observatae
1479 1815 1582 1851 sunt,
1625 1810 1709 1845 dum

235 1993 278 2029 ⁵⁴)
301 1994 333 2025 Si
354 1994 459 2026 iisdem
493 1996 725 2029 adnumeramus
755 1998 893 2030 Familias
927 2000 1131 2030 Actininorum
1156 2004 1184 2030 et
1217 1999 1453 2030 Zoanthinorum
1477 2008 1593 2030 summa
1617 2005 1706 2031 nota-

310 2055 375 2076 rum
398 2049 566 2085 specierum
591 2049 657 2087 plus
681 2058 770 2088 quam
793 2052 850 2081 TOO
873 2051 1035 2081 conficitur.

234 2096 278 2131 5⁵)
301 2097 397 2134 Quum
421 2102 515 2129 maria
539 2109 689 2138 ciiropaca
714 2101 897 2140 diligentiori
920 2111 992 2133 cura
1014 2103 1219 2141 pervestigata
1241 2103 1316 2139 sint,
1339 2102 1408 2132 inde
1432 2107 1530 2141 patet,
1563 2104 1706 2142 plurimas

310 2152 429 2187 species
453 2159 554 2180 earum
580 2152 757 2182 smniliarum
780 2162 858 2191 quae
881 2163 974 2192 supra
996 2155 1166 2183 nominatae
1191 2156 1269 2190 sunt,
1292 2154 1321 2183 in
1344 2155 1417 2192 ipsis
1439 2154 1573 2185 maribus
1597 2156 1706 2185 inu-n—

312 2205 357 2230 ias
381 2210 456 2232 esse.
501 2203 594 2232 Multa
617 2203 830 2241 1:1relmbilitaie
853 2211 954 2236 autem
977 2205 1101 2236 credere
1128 2213 1305 2244 possumus,
1339 2207 1413 2236 satis
1435 2214 1575 2244 maguum
1598 2214 1707 2236 nume-

313 2259 377 2282 rum
400 2253 555 2293 hucusque
579 2256 797 2293 iliffljignilartlili
820 2259 991 2296 specierum
1014 2256 1177 2287 earundem
1202 2257 1395 2295 familiarum,
1418 2258 1447 2287 iu
1470 2257 1537 2288 aliis
1560 2257 1702 2293 maribus,

313 2313 390 2343 quae
414 2313 474 2337 non
496 2307 602 2338 eadem
628 2308 781 2347 diligentia
804 2310 986 2348 perlustrata
1009 2312 1086 2346 sunt,
1110 2309 1236 2347 reperiri
1257 2316 1357 2347 posse.
