1986 2679
867 273 1113 308 ...27-

259 363 493 409 buliformes3
522 365 622 402 intus
650 367 709 402 vel
737 366 838 402 striis
857 373 1024 416 porcatas
1053 373 1112 407 vel
1138 373 1355 422 lamellosas,
1382 378 1455 415 imo
1473 381 1626 419 lamellis
1647 397 1733 433 pro-

258 425 485 462 ductioribus
513 439 624 474 saepe
651 426 958 470 multiloculares3
992 431 1030 466 in
1058 433 1192 480 quibus
1220 448 1353 484 organa
1386 439 1572 490 Zoophyti
1599 446 1733 491 mollia,

256 486 404 534 polypi,
430 499 497 522 seu
523 486 667 522 flosculi
694 487 869 524 animales
897 490 1136 541 (quocunque
1162 497 1310 533 nomine
1338 500 1392 535 uti
1420 502 1532 550 velis)
1558 506 1733 543 resident.

256 545 341 580 Hae
378 546 519 581 cotulae
546 557 574 580 s·
602 548 822 584 cavernulae
849 549 886 585 in
913 562 1052 597 genere
1087 557 1262 593 stellae
1298 559 1603 610 Madreporarum
1631 568 1733 604 voci-

253 611 376 640 tantur
403 611 440 640 et
465 605 729 653 magnitudine,
756 620 921 654 numero,
947 612 1143 660 positione,
1170 616 1288 665 figura
1317 626 1353 657 et
1379 628 1564 663 structura
1590 629 1735 667 infinite

255 665 428 701 varianff‘.
456 688 505 694 —
531 668 764 704 Celebratiss.
800 670 1020 710 Lamarck
1055 675 1300 727 Madreporas
1334 682 1477 731 primus
1510 687 1733 736 singularem

252 724 484 774 Polyporum
524 728 694 764 familiam
739 730 903 777 (nomine
951 735 1210 786 Polypiers
1254 743 1601 795 lamelliferes)
1649 764 1732 788 esse

252 785 347 821 dixit
373 792 410 822 et
436 787 472 823 in
499 789 606 836 plura
632 791 818 838 separavit
852 793 1020 840 Genera,
1062 811 1156 846 quae
1193 802 1278 839 dein
1314 806 1379 841 cel.
1414 808 1610 855 Cuvier‚
1649 812 1730 850 La·

253 846 412 882 treille
430 850 472 890 ⁴),
499 839 795 888 Lamou'roux
815 852 856 900 5),
875 854 1197 907 Schweigger,
1216 863 1341 901 Oken
1358 866 1397 915 ⁶),
1417 868 1677 909 Blainville
1695 882 1734 910 et

250 905 310 941 alii
338 913 484 944 nostrae
510 910 639 946 aetatis
655 918 807 948 naturae
823 915 994 961 cultores,
1022 931 1133 969 saepe
1160 924 1219 959 vel
1246 925 1303 960 his
1332 928 1391 962 vel
1418 929 1491 965 illis
1518 933 1732 970 mutationi·

250 967 317 1001 bus
332 967 449 1012 factis,
475 970 769 1018 adoptabant.—
786 974 1093 1027 Schweigger
1120 984 1271 1020 eandem
1300 987 1473 1025 familiam
1501 991 1730 1044 Lithophyta

248 1028 434 1065 lamellosa
463 1032 674 1069 nominavit.
704 1056 751 1062 -
780 1035 1075 1077 Lamouroux
1103 1049 1226 1080 autem
1265 1049 1451 1096 propriam
1481 1054 1681 1093 sectionem
1710 1071 1730 1093 e

250 1087 387 1124 familia
406 1090 537 1127 horum
566 1093 881 1143 Lithophytorum
909 1100 1181 1140 lamellosorum
1209 1106 1401 1154 formavit,
1439 1125 1546 1160 quam
1572 1115 1610 1152 in
1637 1130 1729 1154 non—

250 1150 368 1185 nullos
399 1152 547 1187 ordines
582 1155 625 1189 ab
668 1167 712 1190 eo
755 1159 965 1206 propositos
1004 1162 1246 1201 distinxit.—
1267 1169 1452 1217 Imprimis
1481 1175 1546 1211 cel.
1572 1176 1728 1214 Blain-

248 1209 388 1251 ville,
427 1214 594 1262 exceptis
642 1217 841 1263 generibus
893 1219 1004 1268 hujus
1058 1224 1218 1262 familiae
1266 1229 1540 1270 Lamarckianis
1559 1264 1567 1280 ,
1621 1239 1727 1286 plura

248 1281 340 1305 nova
369 1271 538 1310 distinxit
563 1287 709 1322 genera.
732 1299 780 1304 —
810 1280 1021 1318 Novissimo
1055 1289 1222 1333 tempore
1258 1301 1345 1336 prae
1381 1294 1513 1330 ceteris
1541 1299 1725 1337 oculatiss.

247 1330 527 1381 Ehrenberg
555 1337 583 1376 ⁷)
622 1349 754 1373 novam
796 1346 832 1375 et
867 1343 1092 1389 peculiarem
1133 1347 1411 1396 Zoopbytorum
1454 1356 1724 1398 lamellosorum

246 1390 463 1428 divisionem
499 1395 635 1441 publici
665 1396 764 1444 juris
801 1400 889 1436 fecit
925 1407 962 1438 et
1003 1405 1134 1441 multas
1170 1420 1297 1446 eorum
1332 1412 1488 1450 familias
1522 1424 1559 1453 et
1590 1433 1726 1466 genera

248 1462 339 1486 nova
365 1454 569 1501 proposuit.
623 1457 884 1507 Madreporina
910 1464 1075 1511 priorum
1103 1474 1294 1506 auctorum
1322 1474 1366 1508 ab
1396 1478 1524 1513 excell.
1552 1479 1724 1519 Ehren-

247 1512 370 1559 berg,
411 1513 473 1560 qui
508 1516 709 1565 praecipue
746 1519 892 1557 illorum
922 1524 1133 1561 animalium
1163 1529 1298 1566 formas
1326 1533 1509 1581 diversas,
1546 1547 1722 1587 quantum

244 1570 325 1606 fieri
352 1575 482 1620 potuit,
510 1578 701 1624 respexit,
729 1580 898 1618 distincta
925 1590 1012 1620 sunt
1038 1586 1075 1621 in
1104 1591 1296 1627 nonnullas
1324 1593 1491 1641 familias,
1519 1612 1612 1644 quae
1640 1603 1723 1639 Cir—

244 1633 327 1668 culo
363 1635 481 1681 primo
509 1637 757 1676 Anthozois
785 1642 1130 1692 (Blumenthiere),
1180 1649 1397 1699 Ehrenb.,
1438 1662 1475 1692 et
1499 1661 1633 1707 partim
1662 1676 1721 1699 or—

242 1693 319 1729 ‹lini
348 1693 458 1743 hujus
495 1697 621 1734 circuli
654 1701 789 1748 prium,
817 1704 1054 1744 Zoocoralliis
1087 1710 1414 1759 (Thiercorallen),
1452 1718 1549 1765 Eh.‚
1584 1725 1718 1771 partim

244 1755 363 1790 ordini
403 1759 590 1802 secundo,
635 1762 923 1809 Phytocora-lliis
966 1768 1359 1821 (Pflanzencorallen),
1402 1777 1501 1825 Eh.‚
1540 1782 1722 1830 adjiciun-

244 1819 313 1849 tur.
366 1816 408 1850 In
448 1818 567 1865 primo
604 1822 732 1858 ordine
762 1824 952 1862 Familiam
994 1828 1163 1878 Fungina
1203 1833 1353 1880 dictam,
1392 1837 1429 1874 in
1468 1845 1630 1881 secundo
1653 1858 1719 1883 au—

243 1880 314 1909 tem
356 1877 516 1914 vidimus
552 1879 649 1917 inter
687 1883 820 1920 tribum
855 1886 1215 1934 Phytocoralliorum
1255 1894 1572 1944 Polyactiniorum
1610 1906 1717 1942 fami-

241 1933 307 1969 lias
336 1935 586 1975 Ocellinorum
614 1946 651 1977 et
679 1942 976 1994 Daedalinorum,
1003 1949 1100 1988 inter
1127 1953 1262 1991 tribum
1290 1963 1413 1995 autem
1442 1961 1716 2010 Phytocorallia

262 2091 291 2129 ⁴)
316 2092 454 2126 Familles
476 2099 641 2131 naturelles
664 2101 703 2132 du
727 2105 822 2143 regne
845 2109 964 2139 animal.
1008 2110 1101 2140 Paris.
1126 2111 1209 2142 1825.
1231 2113 1258 2143 S.
1281 2123 1308 2152 p.
1331 2117 1397 2147 544.

262 2142 289 2177 ⁵)
312 2144 489 2184 Exposition
511 2150 702 2192 me'tliodique
726 2155 779 2187 des
802 2167 913 2197 genres
936 2161 973 2191 de
996 2162 1105 2192 l'ordre
1129 2163 1182 2193 des
1198 2165 1365 2208 Polypiers‚
1389 2173 1443 2201 etc.
1466 2171 1560 2203 Paris.
1576 2173 1660 2205 1821.
1682 2177 1709 2204 4.

319 2204 345 2233 p.
368 2197 414 2235 48,
437 2207 503 2238 sqq.
545 2201 784 2238 Lamouroux
805 2209 965 2250 Zoophyta
987 2213 1144 2244 lamellosa
1166 2217 1196 2245 in
1219 2221 1348 2256 quatuor
1370 2220 1492 2252 ordines
1515 2221 1621 2254 divisit.

260 2247 288 2283 ⁶)
310 2248 461 2288 Zoologie.
503 2252 633 2285 Abtheil.
657 2255 678 2286 Ι.
720 2257 804 2290 Jeua.
830 2261 914 2293 1815.
935 2263 963 2294 8.
987 2272 1014 2302 p.
1037 2265 1083 2303 65,
1106 2274 1172 2306 sqq.

261 2297 290 2336 ²)
315 2298 370 2329 Die
393 2300 648 2345 Corallenthiere,
672 2316 697 2338 u,
720 2317 743 2339 s.
766 2319 802 2340 w.
