1986 2679
867 261 1116 299 -35—

253 357 546 394 observaverunt
571 357 833 406 cel.Rumph
854 364 891 395 et
915 365 1000 405 post
1025 373 1110 398 eum
1133 363 1198 399 cel.
1214 363 1437 412 Forskal,
1463 370 1730 408 recentioribus

253 421 375 453 autem
403 417 631 466 temporibus
658 416 770 466 hujus
803 419 951 466 generis
977 421 1147 459 animalia
1166 425 1231 460 cel.
1262 426 1402 475 Quoy
1436 433 1474 465 et
1503 430 1730 478 Gaimard,

252 476 579 522 Eschschostz,
622 483 734 526 atque
775 480 868 516 ocul.
904 480 1182 533 Ehrenberg
1219 485 1524 534 disquisiverunt.
1597 493 1729 530 Rum-

252 538 396 587 phius
412 541 443 585 ³)
469 545 610 576 tantum
628 539 775 585 indicat,
802 540 871 577 hoc
897 542 1098 581 Corallium
1125 557 1243 583 massa
1270 548 1491 594 vesiculosa,
1518 565 1666 591 mucosa
1692 562 1731 592 et

252 600 339 636 viva
352 600 547 636 obductum
559 612 643 637 esse
655 605 693 637 et
702 600 736 637 F
745 614 766 638 o
776 614 794 638 r
804 614 821 638 s
832 603 899 641 kal
907 605 937 649 ⁴)
946 606 1055 642 talem
1068 619 1222 644 massam
1234 610 1471 659 polyparium
1480 612 1728 654 includentem

253 661 521 710 depingendam
549 663 712 707 curavit,
745 664 797 700 nil
824 665 932 702 aliter
956 667 1115 713 addens,
1150 669 1222 705 nisi
1262 669 1519 722 Madreporam
1548 675 1727 724 fungitem

253 722 460 758 membrana
501 723 734 762 vesiculifera
782 727 961 764 obtectam
1013 742 1106 768 esse.
1177 731 1313 781 Quoy
1364 739 1401 770 et
1447 735 1670 776 Gaimard
1696 743 1726 783 ὁ)

249 788 373 820 autem
399 784 509 832 primi
538 786 744 823 accuratius
783 787 951 838 Fungiae
977 792 1242 840 agariciformis
1280 795 1414 832 animal
1441 797 1727 849 descripserunt.

249 865 296 871 —
323 844 425 881 Dans
443 858 484 882 ce
516 858 644 894 genre,
671 849 782 886 iidem
810 850 946 897 dicunt,
974 865 1020 890 on
1047 867 1129 891 sera
1156 855 1324 904 toujours
1351 857 1470 906 oblige
1498 860 1543 896 de
1565 863 1725 909 prendre

248 906 338 942 dans
364 907 419 942 les
445 908 582 944 formes
609 909 778 946 diverses
813 911 879 947 des
911 914 1122 963 polypiers,
1161 917 1215 953 les
1248 920 1450 956 caracteres
1486 923 1725 971 spe'cifiques‚

251 978 310 1002 car
338 968 390 1003 les
417 968 591 1005 animaux
619 976 681 1005 ont
706 976 785 1007 tant
811 971 858 1008 de
885 973 1089 1011 similitude
1117 982 1221 1013 entre
1248 989 1335 1022 eux,
1364 979 1451 1027 qu’il
1478 986 1535 1017 est
1562 982 1725 1027 difficile,

248 1038 342 1074 pour
368 1040 414 1063 ne
440 1040 506 1076 pas
533 1029 613 1065 dire
639 1030 864 1079 impossible,
891 1034 950 1082 d’y
977 1040 1131 1073 trouver
1157 1037 1222 1073 des
1252 1039 1474 1078 differences
1502 1043 1723 1092 d’organisa-

247 1087 333 1122 tion.
396 1088 437 1123 Si
472 1089 542 1124 l'on
581 1096 737 1139 excepte
771 1093 805 1129 la
838 1096 992 1132 couleur
1026 1098 1298 1136 extremement
1337 1104 1509 1140 tranchee
1543 1105 1590 1142 de
1628 1107 1723 1143 celui

244 1159 317 1194 que
344 1159 436 1184 nous
462 1160 577 1185 avons
603 1151 671 1187 fait
704 1153 894 1198 dessiner,
931 1162 968 1193 et
994 1158 1058 1206 qui
1086 1164 1142 1195 est
1168 1160 1242 1197 sort
1271 1174 1373 1207 rare,
1407 1168 1491 1201 tous
1517 1166 1572 1201 les
1598 1174 1722 1205 autres

245 1220 285 1243 se
331 1211 591 1256 ressemblent,
633 1214 862 1253 c'est-a-dire
898 1231 971 1266 que
1002 1221 1228 1258 l'ouverture
1275 1224 1469 1274 elliptique
1510 1228 1638 1276 placee
1675 1243 1721 1267 au

244 1275 378 1313 centre,
406 1271 470 1318 qui
497 1280 554 1308 est
579 1274 613 1309 la
640 1274 781 1311 bouche
808 1277 858 1314 du
884 1280 1045 1328 polype,
1073 1289 1130 1318 est
1157 1285 1348 1330 verdfitre,
1387 1292 1424 1323 et
1451 1301 1523 1336 que
1549 1294 1652 1327 toute
1680 1305 1719 1328 sa

243 1330 342 1376 large
369 1331 515 1368 surface
542 1345 588 1368 en
615 1340 752 1372 rosette
780 1338 907 1384 mince,
934 1341 1085 1388 plissee,
1112 1347 1367 1384 accommodee
1395 1349 1494 1386 enfin
1516 1363 1590 1388 aux
1617 1365 1717 1390 nom—

243 1390 360 1426 breux
387 1392 514 1428 sillons
548 1394 725 1442 pierreux
753 1400 1026 1445 qu'elle-meme
1059 1405 1218 1451 secrete,
1253 1413 1310 1443 est
1346 1410 1565 1449 blanchatre.
1618 1414 1719 1451 Dans

242 1457 363 1486 toutes
390 1453 444 1503 les
470 1452 625 1501 songieS‚
651 1458 832 1505 quelques
858 1461 996 1498 formes
1024 1466 1175 1512 qu'elles
1202 1479 1296 1504 nous
1313 1469 1413 1507 aient
1438 1485 1530 1521 paru
1546 1477 1717 1523 prendre,

241 1511 313 1546 soit
339 1514 490 1560 qu'elles
518 1515 664 1552 fussent
698 1520 885 1568 alongdes,
926 1525 1055 1570 libres,
1094 1528 1228 1572 finies,
1261 1543 1308 1567 ou
1336 1532 1418 1568 bien
1452 1537 1588 1581 genees
1628 1537 1717 1574 dans

240 1573 320 1608 leui·
348 1573 666 1624 developpement‚
694 1591 755 1616 ces
782 1584 954 1621 couleurs
984 1588 1126 1625 varient
1151 1603 1236 1639 peu.
1289 1592 1342 1628 Ge
1369 1594 1462 1630 n'est
1488 1597 1569 1644 qu'a
1593 1597 1713 1634 Guam

240 1644 310 1678 que
339 1645 431 1670 nous
459 1636 579 1673 fumes
606 1641 748 1688 surpris
776 1642 823 1679 de
849 1645 965 1683 l'eclat
991 1648 1037 1684 de
1063 1650 1096 1686 la
1123 1651 1247 1700 fongie
1275 1666 1404 1701 rouge,
1432 1655 1521 1693 dont
1547 1669 1639 1694 nous
1667 1671 1712 1694 ne

259 1798 287 1827 ³>
312 1799 490 1832 llerbarium
523 1803 728 1837 amboinense.
772 1807 846 1839 Pars
881 1810 926 1840 Vl.
954 1812 1137 1847 Amstelaed.
1170 1817 1255 1848 1750.
1277 1818 1326 1849 fol.
1349 1828 1377 1858 p.
1399 1822 1463 1852 2417.
1507 1823 1562 1854 Hic
1584 1825 1706 1857 dicitur.-

316 1850 379 1880 Sub
401 1860 480 1891 aqua
504 1854 533 1884 hi
555 1854 650 1895 Fungi
680 1857 802 1889 obducti
823 1866 893 1892 sunt
915 1870 1019 1893 crasso
1042 1866 1124 1895 visco
1148 1867 1244 1898 instar
1265 1869 1408 1909 Papedae
1430 1874 1477 1904 vel
1500 1876 1606 1915 amyli⁷
1629 1886 1706 1916 quo—

315 1910 440 1941 rumque
461 1904 559 1943 plicae
581 1907 761 1940 elevatiores
783 1917 892 1949 gerunt
914 1922 985 1945 oras
1011 1916 1107 1948 instar
1135 1917 1309 1951 denticulati
1328 1922 1410 1953 limbi
1432 1926 1623 1963 acicularum,
1649 1938 1707 1968 quo

281 1974 286 1978 .
315 1954 443 1985 feminae
466 1959 597 1996 utuntur,
618 1959 649 1990 hi
672 1961 797 2000 insuper
823 1963 942 1996 obsessi
953 1970 1023 1997 sunt
1037 1968 1202 2000 innumeris
1217 1970 1357 2011 oblongis
1377 1976 1519 2007 vesiculis
1542 1986 1578 2009 ex
1602 1980 1707 2011 cadem

314 2004 436 2043 Papeda
458 2008 602 2048 formatis,
624 2012 654 2041 in
670 2013 780 2051 quibus
801 2015 914 2054 aliquid
937 2019 1035 2049 vivum
1058 2028 1113 2051 seu
1134 2022 1282 2054 insectum
1305 2024 1494 2066 observatur,
1516 2030 1542 2059 si
1564 2029 1707 2063 adcurate

313 2055 369 2086 sub
392 2066 472 2096 aqua
494 2062 712 2103 examinentur,
735 2073 825 2104 quam
847 2069 976 2106 primum
998 2078 1070 2101 vero
1084 2075 1169 2103 extra
1187 2082 1296 2112 aquam
1317 2078 1544 2120 protrahuntur,
1566 2081 1615 2113 liic
1637 2091 1705 2114 niu-

313 2115 365 2137 cus
389 2113 417 2138 et
440 2111 590 2142 vesiculae
623 2115 701 2145 inter
722 2116 819 2155 plicas
841 2118 944 2158 latent,
978 2125 1007 2152 et
1029 2121 1241 2161 deliquescunt
1261 2126 1358 2158 instar
1379 2129 1538 2168 placentae
1562 2136 1705 2172 marinae

314 2162 499 2192 teterrimum
523 2168 685 2196 causantes
707 2167 872 2208 foetorem⁷
896 2176 1058 2211 antequam
1080 2182 1135 2212 per
1158 2175 1275 2213 pluvias
1298 2177 1467 2213 abluantur.

255 2207 285 2246 ⁴)
308 2208 418 2242 Jcones
441 2220 541 2244 rerum
563 2217 751 2257 naturalium,
774 2229 849 2259 quas
870 2223 901 2252 in
914 2224 1018 2254 itinere
1048 2225 1186 2257 orientali
1209 2227 1331 2269 depingi
1354 2234 1466 2264 curavit
1482 2234 1511 2264 P.
1534 2234 1701 2269 Forslnil.

309 2259 364 2291 Ed.
387 2262 418 2292 C.
440 2264 620 2297 Niebuhr.
662 2269 806 2303 Havniae.
830 2274 915 2305 1776.
937 2277 963 2305 [ι.
986 2284 1013 2314 p.
1038 2277 1083 2307 14.
1126 2277 1198 2308 Tab.
1220 2278 1304 2312 XLII.

252 2310 281 2346 ὃ)
307 2311 429 2351 voyage
452 2321 560 2348 autour
584 2318 622 2348 du
644 2320 755 2352 Monde
777 2327 831 2354 etc.
855 2333 882 2362 p.
905 2326 970 2356 [ΒΗΔ
