1986 2679
879 265 1129 301 —59-

361 364 580 414 Madrepora
606 365 764 407 Pileus,
790 364 887 400 Lin.
914 368 952 399 et
978 363 1093 399 Pall.

360 427 480 475 Fung.
507 427 698 471 limacina‚
725 425 843 462 Lam.

359 487 480 536 Fung.
506 488 659 532 Pileus,
687 500 764 524 var.
791 488 965 535 oblonga,
992 485 1142 523 Lam?

358 548 497 597 Haligl.
524 548 742 598 interrupta,
769 549 967 585 Ehrenb.
995 561 1029 597 p.
1054 547 1116 583 51.
1142 559 1196 583 nr.
1223 546 1258 582 3.

359 609 634 658 Ehrenberg
668 610 760 646 hanc
785 608 945 658 speciem
973 607 1011 643 in
1039 619 1167 643 museo
1196 606 1432 645 Berolinensi
1459 609 1744 646 observavit.—

261 671 487 709 Varietatem
526 673 647 710 adhuc
683 672 819 709 indicat
860 671 1126 720 subpileatam,
1165 669 1488 718 subcompressam
1526 675 1565 706 et
1590 670 1628 706 in
1655 671 1746 720 pilei

261 733 414 770 sormam
443 733 627 782 obliquam
655 735 806 778 elatam,
833 736 1097 782 protostomate
1125 742 1273 779 supero.

360 820 425 869 Sp.
452 819 487 855 6.
515 821 535 856 ⁶?
562 819 614 856 H.
642 819 826 856 foliosa.

359 880 696 930 Polyparium:
725 880 902 924 (Pedale)
930 879 1151 925 maximum,
1178 878 1386 927 oblongum,
1413 891 1632 924 convexum,
1658 880 1746 915 sub—

265 951 324 979 tus
363 954 562 979 concavum
603 947 639 978 et
678 941 886 978 echinatum
898 955 908 986 3
957 942 1146 978 stellarum
1178 940 1276 978 serie
1309 940 1524 987 subaequali
1563 938 1748 987 utrinque,

261 1002 526 1052 protostoniate
552 1005 684 1041 medio.
710 1005 744 1040 E
755 1005 778 1040 h
787 1018 805 1040 r
814 1005 846 1041 b.

361 1067 393 1102 A
407 1066 498 1102 nim
509 1068 569 1102 al:
596 1066 771 1114 ignotum.

359 1128 534 1164 Habita
546 1129 721 1164 culum:
749 1128 920 1164 Oceanus
947 1128 1093 1164 indicus
1105 1128 1127 1163 ’.ἔ

359 1189 498 1234 Seba,
526 1189 632 1225 Tom.
659 1189 729 1225 111.
756 1190 846 1225 'rab.
874 1189 972 1225 CXI.
1000 1189 1044 1225 F.
1063 1189 1100 1226 3.

361 1250 530 1298 Madrep.
558 1250 707 1295 Pileus,
734 1250 863 1286 Linn.
891 1256 928 1286 et
955 1251 1073 1286 Pall.

359 1310 481 1358 Fung.
507 1310 698 1355 limacina‚
726 1310 843 1347 Lam.

361 1371 499 1419 Haligl.
526 1371 675 1416 foliosa,
703 1371 858 1408 Ehren
870 1373 903 1408 b.
930 1385 965 1420 p.
992 1373 1054 1408 51.
1081 1384 1135 1408 nr.
1161 1372 1199 1408 4.

363 1433 419 1468 Ab
446 1433 781 1481 Ehrenbergio
808 1433 845 1469 in
874 1446 1002 1469 museo
1029 1433 1266 1470 Berolinensi
1293 1433 1497 1470 observata.

362 1519 420 1554 De
447 1518 504 1555 his
543 1519 661 1555 tribus
700 1520 955 1568 superioribus
990 1520 1185 1570 speciebus
1224 1518 1540 1567 Ehrenbergianis
1575 1517 1626 1553 nil
1653 1516 1744 1553 certi

263 1579 412 1628 profere
447 1592 621 1628 possum,
660 1585 697 1616 et
723 1582 995 1618 oculatissimus
1021 1583 1101 1627 vir,
1129 1580 1235 1630 cujus
1262 1580 1574 1629 descriptionibus
1602 1584 1741 1615 tantum

265 1640 323 1676 hic
350 1652 440 1676 usus
468 1652 560 1685 sum,
586 1640 668 1689 ipse
695 1642 760 1678 has
787 1643 932 1691 species
959 1643 1002 1679 ab
1030 1655 1074 1679 eo
1099 1641 1309 1692 propositas
1337 1640 1523 1677 defendat.

363 1793 547 1841 Fungia
574 1793 760 1836 Pi1eus,
788 1792 1053 1828 Lamarckii
1077 1795 1146 1837 ²4),
1186 1793 1257 1828 sub
1281 1791 1429 1828 nomine
1465 1791 1600 1827 Mitrae
1640 1791 1742 1839 polo-

263 1854 366 1891 nicae
392 1854 431 1890 in
470 1853 691 1902 Rumphii
744 1853 902 1889 Herbar.
930 1852 1099 1889 Amboin.
1138 1853 1181 1889 T.
1207 1853 1272 1889 VI.
1310 1865 1346 1901 p.
1372 1851 1462 1888 248.
1497 1851 1585 1888 Tab.
1610 1851 1672 1887 SS.
1699 1851 1743 1887 F.

264 1916 296 1952 3.
325 1915 488 1952 breviter
515 1913 699 1962 descripta
726 1918 764 1949 et
789 1913 950 1962 pessime
980 1913 1184 1958 delineata,
1222 1912 1303 1948 sine
1330 1911 1442 1948 dubio
1468 1910 1520 1947 nil
1548 1911 1648 1947 aliud
1675 1915 1741 1954 est,

264 1964 371 2027 quani
398 1976 583 2024 Fungia
617 1974 973 2022 agaricisormis
999 1973 1064 2022 (de
1091 1986 1163 2023 qua
1189 1972 1264 2010 vid.
1290 1985 1326 2021 p.
1352 1970 1432 2019 44.)
1467 1971 1584 2008 forma
1625 1971 1740 2007 hemi-

263 2036 600 2089 sphaerico-conica
617 2039 680 2081 ²⁵).

266 2158 312 2198 ²⁴)
336 2142 499 2189 (fliaracter
532 2159 621 2197 hujus
651 2159 765 2197 speciei
798 2162 959 2198 suspectae
981 2168 999 2189 a
1026 2156 1254 2189 Lamarckio
1285 2155 1388 2187 datus:
1417 2153 1447 2184 F.
1477 2151 1739 2191 hemisphaerion-

345 2212 457 2251 conica,
480 2210 587 2241 subtus
610 2219 758 2249 concava3
780 2211 908 2241 lamellis
932 2210 1105 2241 dorsalibus
1128 2208 1290 2249 proliseris,
1311 2208 1388 2237 rima
1409 2204 1560 2237 subnulla.

266 2261 312 2301 ²⁵)
336 2262 512 2301 Specimen‚
541 2261 622 2301 quod
651 2262 773 2300 Esper
805 2262 1004 2297 (Pssanzenth.
1029 2262 1059 2291 T.
1082 2261 1102 2291 I.
1126 2260 1198 2291 Tab.
1222 2260 1274 2296 V.)
1298 2258 1354 2289 sub
1385 2257 1505 2287 nomine
1536 2253 1738 2293 Madreporae

342 2313 416 2344 Pilei
439 2312 660 2352 depingendam
683 2315 806 2352 curavit,
828 2314 869 2344 uil
891 2313 974 2344 aliud
999 2317 1053 2351 est,
1075 2316 1108 2343 uz
1129 2310 1230 2350 credo,
1253 2311 1312 2342 nisi
1333 2308 1539 2348 Explanariae
1563 2307 1738 2344 species.—
