1986 2679
861 258 1109 295 ..13-

246 359 359 405 latae,
388 371 469 396 cum
497 358 666 396 Coralliis
690 357 737 394 ad
762 356 931 393 animalia
957 358 1153 393 translatae
1181 362 1218 393 et
1243 357 1281 394 in
1309 358 1478 395 Goralliis
1506 363 1719 395 numeratae

245 425 343 465 sunt,
370 433 523 469 quarum
551 421 652 456 locus
678 419 716 456 in
744 423 945 467 systemate
972 423 1124 454 naturae
1151 418 1259 454 valde
1285 419 1476 467 ambiguus
1505 424 1577 464 est,
1602 419 1672 455 etsi
1699 431 1720 455 a

246 481 384 518 nostris
411 481 519 517 etiam
548 479 755 517 bominibus
789 486 941 516 naturae
967 480 1122 517 curiosis
1149 481 1369 530 plerumque
1396 481 1493 517 inter
1523 481 1718 530 Zoophyta

246 542 389 591 positae
415 547 512 586 sunt,
538 554 631 591 quae
657 548 780 578 autem
799 542 880 578 sine
907 542 1018 578 dubio
1050 542 1313 590 vegetabilibus
1333 541 1595 577 adscribendae
1623 545 1720 577 sunt.

248 604 325 640 Hic
342 616 372 639 e.
385 615 434 651 g.‚
462 603 499 639 ni
520 604 634 647 fallor,
662 603 855 640 referenda
875 609 978 640 sunt:
1006 604 1296 640 Corallineorum
1319 603 1467 647 familia,
1494 603 1720 651 Nulliporae,

247 664 452 714 Spongiae‚
500 665 596 702 Gen.
622 665 829 709 Acetabuli,
867 666 913 701 al.
951 665 1034 701 Jam
1071 666 1136 702 cel.
1177 664 1398 701 Cavolini
1420 663 1464 711 Η)
1516 663 1723 700 Corallinea

247 738 354 763 veras
392 727 535 776 plantas
571 739 653 763 esse
680 726 881 763 declaravit
916 732 953 762 et
990 727 1119 763 excell.
1146 726 1447 774 Schweigger
1476 727 1522 767 ¹⁵)
1562 723 1716 759 eandem

247 787 464 823 sententiam
493 799 564 824 non
592 789 711 824 solum
738 788 784 824 de
803 788 954 825 Genere
969 788 1188 830 Corallinae,
1208 787 1398 835 Liagorae,
1425 785 1638 822 Glaxaurae
1652 789 1722 820 etc.

247 849 314 885 sed
341 848 449 884 etiam
477 849 523 884 de
551 849 745 898 Millepora
772 849 933 885 coriacea
961 854 998 884 et
1034 848 1217 896 Alcyonio
1244 848 1375 889 Bursa,
1403 844 1722 882 observationibus

247 910 291 945 ab
317 909 398 959 ipso
426 911 472 946 de
499 923 625 946 eorum
653 916 781 946 natura
808 910 1003 954 institutis,
1032 909 1201 958 prodidit.
1260 908 1318 943 De
1353 907 1504 944 Genere
1532 903 1724 942 Acetabuli

249 973 296 1015 (s,
316 970 612 1019 Acetabulariae)
632 971 670 1007 in
698 971 820 1007 dubiis
846 970 966 1007 haesit
992 982 1059 1006 nec
1085 969 1267 1006 distinctis
1281 967 1403 1004 verbis
1430 967 1475 1004 de
1496 967 1564 1003 hoc
1589 976 1727 1013 genere

251 1031 389 1067 marino
416 1031 633 1068 sententiam
662 1032 822 1080 profert,
859 1031 929 1067 etsi
950 1031 1026 1079 jam
1054 1036 1161 1066 antea
1187 1031 1253 1066 cel.
1292 1027 1549 1065 Bertoloni
1570 1029 1615 1072 ¹⁶)
1653 1026 1723 1061 hoc

248 1103 377 1140 genuS,
405 1092 463 1128 cui
490 1104 622 1128 nomen
650 1092 796 1128 Oliviae
824 1091 928 1135 indit,
955 1092 1052 1128 inter
1078 1092 1220 1140 plantas
1247 1091 1374 1127 refert.
1425 1090 1476 1125 Et
1503 1089 1593 1136 Ego⁷
1619 1099 1725 1123 accu-

248 1153 337 1189 ratis
363 1166 433 1190 non
462 1155 580 1190 solum
607 1153 653 1189 de
687 1152 861 1202 Spongiis
887 1152 951 1188 sed
988 1153 1096 1188 etiam
1125 1152 1171 1187 de
1199 1151 1349 1188 Genere
1377 1150 1569 1187 Acetabuli
1598 1153 1654 1192 (et
1679 1147 1726 1183 de

249 1215 433 1251 nonnullis
444 1214 526 1251 aliis
540 1213 754 1263 corporibus
781 1213 931 1249 marinis
950 1213 1130 1261 ambiguis
1157 1213 1201 1249 ad
1222 1213 1319 1250 Gen.
1347 1212 1612 1260 Alcyoniorum
1634 1211 1725 1247 huc-

252 1288 370 1324 usque
396 1275 591 1324 adpositis)
619 1275 910 1323 indagationibus
937 1275 975 1311 in
1002 1275 1095 1311 mari
1122 1275 1390 1312 mediterraneo
1411 1273 1488 1322 jam
1507 1285 1601 1309 anno
1623 1272 1722 1308 1821

248 1337 439 1382 institutis,
466 1336 587 1372 omnia
614 1337 702 1372 haec
728 1349 881 1385 corpora
907 1338 1049 1386 plantas
1090 1349 1173 1372 esse
1206 1335 1343 1380 inveni,
1370 1335 1483 1384 idque
1519 1335 1557 1371 in
1585 1335 1724 1383 scripto

250 1398 409 1445 quodam
437 1397 620 1434 declaravi
638 1399 683 1441 ¹⁷)
713 1402 750 1433 et
776 1397 846 1434 alio
874 1398 952 1433 loco
972 1398 1018 1440 ¹⁸)
1048 1397 1218 1446 opinatus
1246 1409 1338 1439 sum,
1360 1396 1541 1445 Spongias
1570 1396 1727 1432 sortasse

252 1459 440 1508 proprium
472 1472 624 1507 regnum
652 1459 749 1495 inter
776 1459 993 1507 vegetabilia
1019 1464 1056 1495 et
1082 1458 1250 1494 animalia
1277 1457 1428 1493 efficere
1454 1469 1576 1505 posse.
1602 1456 1726 1492 Etiam

252 1521 317 1556 cel.
344 1520 590 1556 Rafeneau
619 1520 883 1565 Delille19),
910 1521 1108 1557 Professor
1136 1520 1479 1568 Monspessulanus,
1507 1519 1604 1555 Gen.
1631 1519 1727 1554 Ace—

249 1582 364 1618 tabuli
390 1580 525 1630 plantis
560 1581 772 1617 vindicavit.
824 1581 1048 1630 Nuperrime
1076 1582 1140 1617 cel.
1176 1580 1392 1630 Philippi
1421 1583 1470 1624 ²0)
1513 1579 1727 1629 Nulliporis,

255 1706 297 1742 ¹⁴)
320 1705 566 1746 Abhandlungen
588 1706 664 1737 uber
685 1707 923 1739 Pssanzenthiere
946 1706 1000 1738 des
1022 1707 1227 1738 Mittelmeers.
1270 1706 1302 1736 Α,
1327 1705 1353 1735 d.
1377 1705 1439 1735 Ital.
1462 1714 1488 1735 v.
1512 1704 1556 1734 W.
1581 1704 1726 1742 Spren—

330 1759 403 1797 gel.
445 1759 558 1790 Nurnb.
583 1760 667 1790 1813.
690 1761 717 1790 4.
741 1768 768 1798 p.
793 1760 859 1790 121.

256 1809 299 1846 ¹⁵)
321 1810 579 1850 Beobachtungen
611 1812 665 1841 aut
690 1811 982 1842 naturhistorischen
1004 1810 1124 1840 Reisen.
1165 1809 1276 1840 Berlin.
1300 1809 1384 1839 1819.
1407 1810 1433 1839 4.
1458 1817 1485 1847 p.
1507 1810 1554 1847 41,
1576 1817 1658 1848 sqq,
1682 1812 1725 1839 et:

330 1861 500 1892 Handbuch
522 1862 576 1892 der
596 1862 867 1901 Naturgeschichte
890 1862 944 1894 der
966 1862 1165 1893 skelettlosen
1187 1861 1440 1901 ungegliederten
1463 1861 1581 1891 Thiere.
1624 1861 1725 1900 Leipz.

334 1913 418 1943 1820.
440 1914 466 1944 8.
489 1921 516 1952 p.
540 1913 606 1944 385.

257 1963 299 2000 ¹⁶)
321 1965 526 1995 Amoenitates
549 1965 662 2004 italicae,
680 1965 792 1997 sistens
813 1965 959 2004 opuscula
981 1964 1019 1996 ad
1042 1973 1106 1996 rem
1128 1964 1301 1996 herbariam
1324 1969 1353 1996 et
1375 1964 1412 1996 ad
1435 1965 1610 2004 Zoologiam
1634 1965 1723 1996 Italico

331 2018 509 2054 spectantia.
551 2017 664 2048 Bonon.
689 2017 774 2047 1819.
795 2018 823 2048 [ι.
846 2026 874 2056 p.
896 2018 962 2048 274.

257 2065 302 2105 ¹²)
325 2067 464 2098 Versuch
486 2069 570 2098 einer
591 2071 842 2108 naturgemassen
863 2069 1058 2108 Eintheilung
1080 2068 1136 2099 der
1159 2068 1351 2098 Helminthen
1371 2066 1460 2097 nebst
1483 2067 1550 2097 dem
1573 2067 1728 2098 Entwurse

334 2120 419 2150 einer
440 2119 747 2152 Verwandtscharts-
769 2120 831 2151 und
854 2120 1045 2159 Stusenfolge
1069 2119 1123 2150 der
1145 2120 1263 2149 Thiere.
1305 2118 1442 2149 Heidelb.
1465 2119 1548 2149 1827.
1567 2119 1593 2149 8.
1613 2127 1640 2157 p.
1660 2119 1706 2149 4-3.

257 2169 299 2205 ¹⁸)
320 2169 508 2208 Allgemeine
530 2170 703 2210 Einleitung
724 2172 755 2201 in
777 2171 826 2202 die
847 2170 1127 2209 Naturgeschichte.
1170 2169 1327 2208 stuttgart.
1352 2169 1435 2200 1832.
1456 2169 1484 2199 8.
1506 2177 1533 2207 p.
1557 2170 1604 2199 43.

256 2218 299 2255 ¹⁹)
321 2219 451 2250 Bulletin
474 2220 527 2251 des
550 2220 667 2252 Scienc.
690 2225 787 2252 natur.
810 2221 930 2253 Octobr.
954 2222 1038 2253 1826.
1062 2230 1088 2260 p.
1113 2221 1179 2251 211.

254 2270 298 2306 ²⁰)
321 2271 579 2309 Wiegmann’s
600 2271 712 2303 Archiv
734 2273 781 2303 sur
801 2272 1080 2311 Naturgeschichte.
1107 2271 1210 2310 Jahrg.
1233 2271 1279 2302 ΙΙΙ.
1302 2271 1360 2302 Hst.
1383 2273 1408 2302 5.
1451 2271 1559 2301 Berlin.
1588 2271 1672 2302 1837.
1695 2272 1722 2302 8.

332 2330 359 2360 p.
384 2322 450 2359 387,
472 2330 538 2360 sqq.
