1986 2679
856 260 1106 296 —22—

242 361 512 409 Tubiporarum
551 359 695 408 species
732 359 770 395 in
797 359 1097 396 meridionalibus
1132 365 1297 404 tantum,
1336 361 1439 397 utin
1468 363 1556 398 mari
1591 363 1712 406 rubro,

240 422 361 459 indico
388 428 425 458 et
453 421 661 458 Australiae
688 421 817 457 vivere
845 421 1093 458 videntur.-—
1114 421 1302 458 Numerus
1329 421 1538 470 specierum
1563 422 1712 460 Madrea

239 482 454 532 porinorum
479 482 516 518 in
544 482 707 519 maribus
736 483 930 532 europaeis
957 488 1097 531 tantum
1123 496 1262 532 parvus
1289 488 1355 528 est,
1383 488 1529 519 econtra
1555 483 1713 520 maxima

239 557 366 581 earum
393 544 497 593 copia
523 549 646 580 autem
672 544 711 580 in
738 545 828 581 mari
847 545 970 589 rubro,
995 544 1033 580 in
1052 557 1187 581 oceano
1205 544 1338 588 indico,
1365 544 1404 581 in
1430 544 1593 581 maribus
1610 544 1714 580 Afri-

239 617 302 641 cae
330 612 366 641 et
392 606 601 642 Australiae
628 606 863 655 conspicitur.
897 628 945 633 ——
978 606 1215 642 Familiarum
1245 605 1543 654 Gorgoninorum
1571 607 1626 650 (et
1650 617 1714 652 ge-

239 666 340 703 neris
356 667 591 716 Antipathes)
605 673 715 716 atque
732 668 941 705 Isideorum
967 668 1149 717 plurimae
1174 668 1318 717 species
1336 668 1375 704 in
1395 667 1555 704 maribus
1581 665 1713 702 indicis

240 734 278 764 et
303 729 517 765 amer-icanis
548 729 785 779 (praesertim
812 730 851 766 in
886 730 978 768 mari
1015 729 1211 779 antillico),
1246 727 1491 778 paucissimae
1526 732 1647 763 autem
1675 725 1711 761 in

239 790 399 825 maribus
417 791 588 827 africanis
605 796 641 828 et
658 791 864 828 australicis
886 797 1056 841 repertae
1070 797 1167 829 sunt.
1194 792 1330 828 Mirum
1352 796 1418 835 est,
1441 795 1481 826 ut
1508 801 1607 826 mare
1628 789 1713 824 rub-

239 862 320 886 rum
335 851 479 900 species
495 852 795 890 Gornoninorum
806 853 870 889 vix
885 854 1017 890 habere
1037 854 1266 890 videatur.—
1277 854 1407 891 Genus
1419 851 1616 889 corallium
1635 855 1714 885 tan-

239 916 317 947 tuin
344 911 382 947 in
409 913 500 948 mari
522 913 791 950 mediterraneo
820 915 950 951 vivere
971 915 1132 958 videtur,
1159 915 1245 951 dum
1270 915 1413 964 species
1441 913 1587 962 generis
1607 909 1714 946 Meli-

239 979 342 1009 taeae
364 980 400 1010 et
418 974 528 1011 Isidis
550 981 655 1012 extra
672 976 858 1025 Europam
877 977 1012 1024 degere
1026 976 1210 1013 videntur.
1225 999 1271 1003 —
1285 975 1463 1012 Familiae
1483 973 1714 1010 Xeninorum

241 1041 278 1071 et
294 1035 613 1084 Halcyoninorum
632 1038 810 1087 plurimas
830 1039 974 1087 species
1000 1039 1038 1074 in
1066 1037 1226 1074 maribus
1253 1036 1439 1073 extraneis
1466 1034 1652 1076 exhibent,
1680 1039 1716 1068 et

241 1097 399 1132 maxima
437 1098 566 1134 harum
600 1111 686 1147 pars
716 1099 909 1147 hucusque
945 1099 983 1135 in
1020 1099 1111 1135 mari
1146 1099 1276 1142 rubro,
1311 1098 1429 1134 minor
1456 1108 1581 1133 earum
1611 1094 1715 1142 copia

239 1163 361 1194 autem
389 1159 426 1194 in
454 1159 614 1196 maribus
642 1160 797 1205 indicis,
834 1160 1049 1197 americanis
1083 1165 1121 1196 et
1138 1159 1341 1196 australicis
1367 1160 1559 1195 observata
1586 1162 1716 1192 est.—

240 1219 398 1255 Tantum
428 1219 598 1257 diversae
637 1222 779 1270 species
816 1222 963 1270 generis
990 1221 1209 1258 Lobulariae
1246 1221 1284 1257 in
1315 1220 1474 1257 maribus
1502 1216 1715 1265 europaeis7

243 1280 421 1328 plurimae
448 1286 571 1318 autem
600 1282 702 1319 Fam.
739 1282 1087 1318 Pennatulariorum
1121 1295 1149 1318 s,
1175 1282 1463 1329 Halopteridum
1500 1279 1643 1329 species
1677 1278 1715 1314 in

241 1340 373 1378 iisdem
402 1343 580 1389 maribus,
607 1343 825 1391 praesertim
853 1343 889 1379 in
919 1342 1009 1379 mari
1037 1342 1323 1386 mediterraneo,
1350 1347 1386 1377 et
1411 1346 1551 1377 tantum
1578 1351 1715 1388 paucae

242 1403 386 1450 species
413 1416 541 1440 eorum
568 1405 605 1441 in
633 1405 792 1442 maribus
826 1404 958 1440 indicis
987 1409 1024 1439 et
1050 1403 1286 1445 americanis,
1313 1402 1464 1446 vivunt,
1502 1401 1589 1437 dum
1617 1401 1715 1436 nulla

241 1462 354 1511 hujus
382 1464 541 1501 familiae
572 1467 715 1514 species
742 1467 779 1502 in
808 1466 898 1502 mari
933 1466 1088 1502 australi
1115 1472 1153 1501 et
1181 1466 1291 1501 rubro
1318 1465 1468 1500 inventa
1495 1467 1605 1511 atque
1632 1474 1715 1509 cog-

241 1523 314 1560 nita
341 1532 408 1561 est.
458 1527 500 1562 Si
529 1527 751 1564 Umbellaria
777 1528 1013 1576 gronlandica
1041 1528 1111 1564 huc
1137 1525 1269 1563 referri
1297 1529 1428 1573 potest,
1457 1524 1547 1560 haec
1572 1522 1715 1571 species

240 1584 288 1620 iis
314 1586 440 1633 paucis
467 1587 739 1625 adnumeranda
765 1595 832 1633 est,
858 1590 1006 1637 quaein
1025 1589 1203 1625 extremis
1229 1587 1522 1636 septentrionum
1549 1585 1713 1633 partibus

240 1645 475 1684 inveniantur
495 1648 551 1695 ⁵⁶).

247 1813 292 1853 ⁵⁶)
317 1815 402 1852 Quod
424 1817 528 1847 attinet
550 1821 580 1848 at
600 1819 737 1849 Actiuina
759 1823 788 1849 et
809 1818 986 1856 Zoanthina‚
1009 1825 1136 1856 quorum
1159 1816 1209 1846 illa
1231 1816 1349 1845 circiter
1370 1814 1436 1853 100,
1458 1814 1533 1844 haee
1551 1822 1623 1845 vero
1637 1823 1715 1853 pau-

325 1875 375 1897 cas
398 1871 511 1899 tantum
521 1870 648 1908 species,
669 1872 748 1900 eirca
772 1871 816 1910 16,
838 1872 1005 1908 numerant,
1026 1877 1063 1899 ex
1076 1868 1280 1907 geographica
1293 1874 1396 1896 eorum
1406 1865 1613 1896 distributione
1627 1870 1716 1905 patet7

322 1920 351 1948 iu
371 1919 504 1950 maribus
529 1920 774 1951 meridionalihus
801 1925 829 1951 et
848 1922 950 1951 Zonae
975 1923 1146 1959 temperatae
1169 1920 1313 1956 majorem
1331 1926 1434 1947 eorum
1456 1926 1612 1947 numerum
1640 1926 1715 1947 csse.

323 1970 526 2002 Fabricius
542 1973 571 2002 in
583 1972 684 2002 Fauna
696 1972 894 2010 gronlandiea
914 1972 1129 2001 ltActiniarum
1152 1971 1271 2009 species
1285 1970 1452 2007 descripsit,
1474 1969 1595 1999 Linne
1617 1972 1715 1998 autem

326 2023 356 2052 in
377 2022 479 2053 Fauna
501 2024 622 2054 suecica
643 2024 669 2063 3,
688 2023 722 2054 0.
741 2023 768 2054 F.
785 2022 924 2053 Mulier
947 2023 976 2052 in
997 2021 1161 2052 Prodromo
1177 2021 1338 2060 Zoologiae
1353 2020 1478 2051 danicae
1496 2021 1564 2052 etin
1573 2020 1717 2056 Zoologia

324 2073 431 2104 danica
454 2074 488 2105 11
510 2075 702 2113 Aetiniarum,
725 2078 754 2105 et
769 2075 788 2105 2
809 2075 1061 2105 Lucernariarum
1083 2074 1203 2111 species
1224 2072 1376 2103 exhibent.
1419 2072 1452 2102 ln
1475 2072 1603 2102 diversis
1625 2073 1714 2101 inari<

326 2125 537 2156 mediterranei
549 2126 723 2165 regionibus
736 2135 753 2156 a
772 2126 825 2157 cel.
837 2125 981 2156 Marcel
1003 2124 1046 2155 de
1068 2125 1208 2155 Serres
1221 2127 1247 2163 7,
1269 2124 1411 2155 aComite
1428 2123 1464 2153 de
1485 2123 1715 2153 villeneuve

323 2177 356 2216 6,
380 2186 397 2207 a
421 2178 474 2208 cel.
497 2178 611 2209 Risse
635 2179 688 2217 13,
711 2187 729 2209 a
751 2178 804 2208 cel.
826 2177 936 2208 Delle
965 2177 1103 2214 Gliiaje
1125 2176 1142 2206 9
1165 2180 1305 2215 repertae
1327 2176 1446 2215 species
1468 2175 1585 2205 versari
1607 2175 1716 2213 perhi—

325 2228 441 2260 bentur.
479 2230 556 2260 ‘Cel
580 2230 845 2261 Gravenhorst
871 2231 902 2260 in
928 2229 1004 2259 mari
1027 2227 1171 2258 adriatico
1204 2229 1222 2259 6
1252 2228 1371 2266 species
1395 2226 1575 2264 observavit,
1607 2225 1717 2265 quibus

327 2280 447 2311 doctiss.
470 2281 596 2313 Grube
620 2283 792 2320 (Acumen,
824 2280 1066 2312 Echinodermen
1087 2279 1149 2309 und
1171 2279 1310 2309 Wiirmer
1333 2278 1386 2308 des
1414 2277 1626 2308 Adriatischen
1656 2277 1716 2307 und

326 2332 544 2364 Mittelmeeres.
567 2333 766 2372 Konigsberg.
791 2334 874 2364 1840.
900 2335 927 2364 ci.
947 2341 976 2372 p.
1001 2332 1027 2369 3,
1050 2334 1133 2371 sqq.)
1158 2334 1263 2369 postea
1282 2329 1380 2361 adhue
1402 2333 1463 2360 tres
1482 2338 1577 2361 nevas
1599 2329 1717 2367 species
