1986 2679
847 279 1096 315 ...44-

232 384 270 416 et
296 378 549 421 Solander,
584 380 704 413 natur.
732 375 817 412 hist.
844 376 888 412 of
909 376 1148 424 ZoophyteS‚
1175 380 1242 411 etc.
1269 375 1385 412 Lond.
1415 375 1527 412 1786.
1554 378 1590 413 4.
1616 378 1706 414 Tali.

233 440 296 476 28.
322 439 366 476 F.
384 440 418 476 5.
447 439 544 475 6.-
568 438 659 487 Esp
670 450 739 481 er,
765 436 837 473 Die
864 435 1170 473 Pflanzenthiere.
1197 435 1300 473 Tom.
1312 437 1342 473 Ι.
1367 437 1507 475 Niirnb.
1538 436 1648 472 1791.
1674 438 1710 473 4.

233 501 465 550 Madrepora.
503 501 594 537 wal».
620 501 639 537 Ι
666 505 703 536 et
729 499 782 535 ΙΙ.
806 520 856 526 —-
889 498 1209 542 Lamouroux,
1247 496 1494 546 Exposition,
1529 503 1596 533 etc.
1623 496 1711 533 Tab.

230 562 291 598 28.
317 561 400 610 Fig.
426 561 462 597 5.
488 560 524 596 6.
548 582 596 588 —
634 561 770 609 Quoy
797 564 834 595 et
860 558 1084 596 Gaimard
1101 586 1110 602 ‚
1151 558 1305 606 Voyage
1331 567 1466 595 autour
1493 559 1543 595 du
1571 559 1709 595 Mende

233 622 614 671 (parFreycinet).
641 620 829 668 Zoologie.
857 620 1050 656 Planches.
1074 619 1165 667 Tab.
1179 618 1241 655 96.
1268 619 1351 667 Fig.
1366 621 1386 653 l
1405 625 1441 654 et
1454 619 1552 654 2.—
1572 618 1711 654 Esch-

236 684 436 727 scholtz,
462 683 501 719 in
528 683 655 718 Oken
685 682 769 718 Isis.
799 681 912 718 1825.
940 681 1030 716 Tab.
1058 680 1102 716 V.
1130 680 1211 728 Fig.
1241 680 1300 716 19.
1325 702 1373 707 —
1399 680 1711 727 Stutchbury‚

237 746 273 780 in
300 746 322 781 l.
349 758 383 793 p.
409 744 461 780 39
489 744 549 780 cit.

334 831 452 868 Multa
479 830 590 880 hujus
617 831 755 880 speciei
775 830 812 866 in
832 830 993 866 diversis
1013 830 1156 866 Museis
1174 830 1375 878 specimina
1393 830 1470 866 vidi
1490 836 1527 865 et
1546 830 1709 877 quinque

238 893 462 941 exemplaria
477 893 592 930 forma
609 898 645 929 et
660 892 910 940 magnitudine
929 892 1029 928 varia
1047 898 1130 928 ante
1148 892 1273 928 oculos
1299 891 1422 926 habeo.
1448 890 1589 926 Multae
1605 889 1713 925 etiam

238 954 448 996 varietates,
473 959 546 989 tam
565 954 663 1002 quod
691 954 735 989 ad
763 954 916 990 formam
945 953 1138 1002 polyparii,
1165 966 1273 1002 quam
1301 952 1399 1001 quod
1425 951 1470 987 ad
1487 952 1713 987 lamellarum

237 1020 347 1062 atque
376 1013 456 1049 cavi
490 1013 661 1050 centralis
698 1019 938 1057 structuram,
975 1015 1071 1050 sicut
1109 1027 1256 1063 quoque
1283 1014 1381 1062 quod
1408 1013 1454 1049 ad
1487 1013 1712 1049 lamellarum

236 1087 430 1111 numerum
458 1080 494 1111 et
519 1075 564 1111 ad
591 1075 880 1111 foecunditatem
908 1076 1064 1118 attinet,
1103 1075 1142 1111 in
1168 1075 1323 1124 singulis
1350 1073 1623 1122 exemplaribus
1650 1084 1710 1107 oc-

238 1142 400 1173 currunt.
453 1136 591 1172 Oculat.
618 1136 905 1184 Ehrenberg
929 1137 1057 1184 plures
1084 1136 1212 1172 talium
1240 1135 1458 1171 varietatum
1479 1132 1630 1181 jamjam
1657 1133 1713 1167 in-

238 1196 381 1233 dicavit.
416 1196 653 1232 Rarissimam
681 1195 792 1244 hujus
819 1196 987 1244 Fungiae
1016 1197 1232 1233 varietatem
1259 1197 1319 1231 vel
1346 1195 1470 1244 potius
1498 1192 1712 1229 monstrosi-

236 1263 349 1293 tatem
376 1257 414 1293 in
433 1262 590 1306 quatuor
616 1269 750 1306 nempe
777 1257 927 1293 lacinias
955 1258 1150 1293 subacutas
1178 1256 1342 1292 effictum
1372 1254 1569 1303 specimen,
1595 1254 1646 1288 ita
1673 1259 1714 1288 ut

240 1319 380 1354 stellam
396 1317 832 1365 cruciformem,quatu0r
845 1316 1033 1352 radiorum
1048 1316 1242 1364 exprimat,
1261 1315 1399 1351 clariss-
1426 1314 1580 1349 Pallas
1609 1313 1712 1348 vidit.

237 1380 330 1415 Cum
358 1380 423 1415 hac
451 1378 721 1414 monstrositate
751 1377 974 1425 Madrepo
987 1389 1030 1413 ra
1057 1375 1237 1423 (Fungia)
1269 1374 1526 1422 trilinguis
1556 1374 1714 1410 maxime

238 1442 427 1484 convenit,
465 1453 572 1489 quam
601 1441 665 1476 cel.
702 1439 945 1475 Boddaert
980 1450 1047 1486 pro
1083 1436 1258 1484 singulari
1294 1435 1419 1483 specie
1454 1434 1653 1482 descripsit
1680 1440 1715 1468 et

243 1502 509 1549 depingendam
537 1500 679 1536 curavit
700 1502 758 1543 ¹2).

341 1562 475 1597 Forma
493 1562 660 1608 Fungiae
674 1561 939 1608 agariciformis
967 1573 1038 1596 non
1065 1572 1213 1608 semper
1240 1559 1525 1595 suborbicularis
1553 1564 1590 1593 et
1608 1558 1715 1605 plane

244 1622 455 1659 orbicularis
483 1627 561 1666 est,
589 1622 652 1657 sed
681 1622 764 1669 plus
793 1621 961 1656 minusve
989 1621 1025 1656 in
1064 1626 1263 1667 utrumque
1296 1620 1392 1654 latus
1419 1618 1576 1654 dilatata.
1631 1617 1715 1651 Vidi

243 1684 468 1733 exemplaria
495 1696 607 1732 supra
633 1689 670 1719 et
695 1683 791 1718 infra
819 1683 900 1718 fere
927 1683 1043 1730 plana,
1071 1681 1140 1716 alia
1168 1692 1280 1728 supra
1306 1691 1482 1721 convexa,
1507 1678 1602 1713 infra
1630 1689 1715 1712 con-

253 1758 350 1789 cava,
376 1751 413 1780 et
439 1745 622 1781 interdum
651 1744 801 1792 quidem
828 1743 890 1779 tali
919 1743 1037 1785 modo,
1075 1748 1116 1778 ut
1140 1741 1376 1790 polyparium
1403 1740 1542 1775 formae
1569 1751 1712 1786 campa—

249 1819 316 1842 nae
344 1807 403 1842 vel
441 1806 539 1854 pileo
578 1804 1072 1854 (hemisphaerion-conicae)
1100 1803 1219 1839 simile
1247 1801 1304 1836 sit.
1368 1800 1410 1835 In
1437 1812 1510 1835 uno
1549 1799 1716 1846 ejusdem

245 1869 384 1904 formae
410 1867 611 1916 specimine
648 1867 744 1903 infra
771 1867 889 1903 adhuc
914 1866 952 1902 in
980 1870 1105 1901 centro
1141 1863 1338 1911 vestigium
1365 1860 1565 1910 pedunculi
1592 1861 1716 1895 obser-

248 1929 342 1964 vavi.
371 1927 576 1972 Minimum,
603 1928 701 1974 quod
719 1933 802 1963 ante
820 1927 945 1962 oculos
973 1931 1040 1969 cst,
1067 1925 1265 1973 exemplar,
1290 1923 1328 1958 in
1355 1922 1534 1958 diametro
1558 1920 1716 1955 maximo

248 1995 498 2032 (transversae
525 1987 604 2023 cavi
631 1986 802 2023 centralis
830 1986 1032 2022 dilatationi
1067 1985 1333 2033 respondente)
1362 1982 1386 2018 3
1412 1983 1498 2031 poll.
1524 1983 1548 2016 5
1576 1981 1653 2022 lin.‚
1680 1980 1716 2014 in

249 2050 427 2086 diametro
453 2048 586 2085 minori
613 2048 637 2084 3
664 2049 749 2097 poll.
776 2048 800 2083 2
819 2048 900 2091 lin.‚
926 2047 1026 2083 aliud
1054 2045 1170 2094 majus
1197 2046 1234 2082 in
1262 2045 1440 2081 diametro
1469 2054 1562 2078 max.
1590 2041 1614 2075 6
1633 2041 1718 2088 poll.

248 2110 271 2144 3
299 2110 370 2152 lin„
398 2110 435 2145 in
463 2109 642 2145 diametro
669 2107 800 2144 minori
827 2107 851 2143 6
877 2108 984 2156 poll„
1011 2106 1161 2142 tertium
1189 2106 1267 2142 sere
1294 2107 1442 2153 planum
1470 2102 1654 2151 specimen
1681 2102 1718 2135 in

256 2246 299 2280 12)
321 2245 395 2284 Lyst
422 2239 741 2281 der'Plant-Dieren,
769 2248 838 2281 eto,
868 2244 899 2273 in
920 2242 970 2272 het
998 2242 1095 2280 Latyn
1123 2241 1332 2271 beschreeven
1361 2239 1435 2269 door
1466 2238 1497 2269 Ρ,
1520 2238 1549 2268 S.
1580 2237 1716 2266 Pallas.

324 2295 483 2334 vertam,
505 2304 543 2326 eu
564 2298 625 2326 met
639 2295 886 2333 Aanmerkingen
907 2302 946 2324 en
958 2293 1181 2330 Afheeldingen
1203 2292 1345 2322 voorzien
1368 2290 1442 2320 door
1463 2289 1493 2318 P.
1516 2288 1717 2318 Boddaert.

331 2347 464 2378 Utrecht.
487 2347 571 2378 1768.
593 2347 619 2378 8.
641 2355 670 2385 p.
693 2347 759 2377 613.
783 2345 854 2377 Tab.
878 2347 924 2375 14,
