1986 2679
866 266 1111 302 ...54-

244 363 355 401 latius
386 374 495 412 quam
533 362 721 408 lateralia,
756 362 795 398 in
841 375 923 399 meo
950 363 1153 413 exemplari
1184 364 1250 411 172
1283 365 1368 413 poll.
1405 366 1552 413 longum
1579 370 1646 401 est.
1670 384 1719 392 —

247 425 446 468 Lamellae,
473 423 640 472 exceptis
667 423 724 468 iis,
751 435 844 472 quae
870 423 908 459 in
935 424 1056 460 medio
1083 425 1211 461 stellae
1238 438 1367 462 cavum
1394 439 1525 463 versus
1552 432 1721 475 pergunt,

246 492 283 524 et
308 487 355 523 iis
382 499 552 536 quoque,
592 486 754 522 omnium
782 486 1030 530 brevissimis,
1069 499 1162 535 quae
1189 487 1319 524 finium
1345 489 1532 524 amborum
1559 486 1721 523 medium

244 554 383 593 tenent,
410 553 634 586 arcuatae
653 561 673 585 a
692 548 854 596 margine
872 548 916 584 ad
936 549 1064 584 stellae
1084 548 1244 584 medium
1263 554 1412 585 exeunt.
1439 549 1472 584 A
1492 547 1612 584 medio
1631 546 1723 583 utri-

243 623 362 660 usque
389 611 474 648 finis
501 610 663 659 margine
689 609 831 657 longior
857 615 894 645 et
920 615 1019 646 recta
1044 610 1200 653 lamella,
1227 623 1320 659 quae
1347 610 1483 647 sensim
1510 609 1722 657 sensimque

244 672 417 709 humilior
449 672 509 716 fit,
546 671 582 706 in
611 683 699 706 cavo
734 668 876 706 laterali
910 682 1038 706 cavum
1076 670 1239 706 medium
1281 683 1409 707 versus
1447 670 1580 719 pergit.
1641 670 1722 706 Ma·

244 734 366 770 ximae
406 740 442 769 et
480 732 714 780 longissimae
753 732 918 767 lamellae
964 732 1008 767 ad
1043 732 1112 767 hoc
1151 745 1281 769 cavum
1319 733 1362 768 ab
1400 737 1559 780 utroque
1596 731 1723 767 stellae

247 795 410 843 margine
436 793 612 831 anteriori
641 799 678 829 et
703 792 901 842 posteriori
929 792 1172 841 perveniunt,
1211 798 1247 829 et
1273 793 1352 837 hic,
1391 792 1446 829 uti
1476 804 1602 828 omnes
1630 791 1723 827 aliae

244 856 410 893 lamellae
438 853 596 903 majores
623 860 836 898 truncatae,
876 855 987 890 dente
1018 853 1144 903 majori
1179 866 1384 903 parumque
1424 853 1543 890 altiori
1578 852 1722 888 finiunt.

243 919 346 955 Inter
373 917 465 953 duas
492 914 650 965 majores
678 917 840 952 lamellas
869 915 913 964 (s.
940 915 1050 965 primi
1078 916 1254 965 ordinis),
1283 929 1377 965 quae
1404 915 1442 951 in
1477 915 1604 951 eadem
1642 914 1723 950 fere

245 979 441 1017 altitudine
469 992 557 1015 cava
586 978 753 1014 mediana
788 979 956 1026 elongata
983 977 1189 1025 attingunt,
1227 991 1375 1027 semper
1401 977 1471 1013 alia
1497 976 1640 1012 lamella
1667 980 1724 1010 est

245 1047 293 1086 (s.
320 1040 473 1077 secundi
501 1039 675 1082 ordinis),
703 1052 796 1087 quae
816 1039 957 1084 eadem,
986 1051 1056 1087 qua
1084 1039 1167 1074 illae
1189 1037 1356 1087 majores,
1383 1037 1577 1074 altitudine
1596 1049 1617 1073 a
1636 1037 1723 1072 stel-

243 1104 300 1140 lae
327 1102 552 1151 marginibus
578 1101 719 1150 incipit,
748 1101 886 1150 talique
913 1102 1020 1137 modo
1048 1101 1207 1150 spatium
1237 1102 1296 1136 vel
1324 1100 1468 1148 longius
1496 1100 1555 1135 vel
1573 1097 1724 1134 brevius

245 1164 446 1209 emetiens,
475 1164 636 1200 medium
664 1175 796 1199 versus
824 1163 943 1199 tendit
970 1168 1058 1199 tunc
1084 1168 1207 1199 autem
1236 1161 1409 1198 humilior
1436 1159 1581 1203 evadit,
1608 1165 1645 1195 et
1669 1159 1722 1195 ita

243 1226 289 1262 ad
316 1238 404 1262 cava
432 1225 598 1261 mediana
625 1223 807 1273 pervenit.
869 1225 914 1260 In
942 1230 1099 1272 utraque
1132 1225 1360 1272 singularum
1398 1223 1624 1258 lamellarum
1664 1232 1723 1256 se-

245 1287 355 1324 cundi
394 1285 533 1323 ordinis
568 1292 672 1334 parte
713 1286 886 1322 humilior
926 1287 1068 1322 lamella
1097 1292 1143 1329 (s.
1171 1287 1270 1321 tertii
1297 1285 1455 1327 ordinis>
1497 1285 1725 1326 observatur,

249 1362 342 1398 quae
369 1362 440 1386 non
468 1361 619 1398 prorsus
647 1361 734 1385 cava
763 1348 930 1385 mediana
958 1347 1126 1396 adtingit.
1189 1348 1329 1383 Omnes
1363 1346 1529 1382 lamellae
1558 1344 1724 1380 denticu-

244 1412 338 1447 latae
376 1416 462 1447 sunt
499 1415 536 1447 et
563 1412 693 1447 dentes
731 1411 876 1446 illarum
912 1410 1023 1458 primi
1050 1415 1087 1445 et
1114 1409 1265 1445 secundi
1301 1407 1441 1444 ordinis
1479 1406 1568 1442 satis
1604 1404 1724 1453 magni

245 1479 283 1509 et
325 1473 437 1509 erecti
477 1478 655 1522 surgunt,
706 1472 810 1521 apice
861 1472 976 1521 magis
1015 1472 1234 1515 rotundato,
1271 1469 1458 1506 muricato.
1528 1468 1571 1504 In
1604 1466 1725 1503 humi-

245 1533 398 1570 lioribus
424 1534 580 1570 lamellis
607 1534 737 1581 dentes
764 1534 817 1570 illi
837 1534 996 1571 minores
1024 1539 1121 1570 sunt.
1155 1532 1331 1569 Omnium
1358 1532 1583 1568 lamellarum
1610 1530 1724 1565 latera

247 1607 377 1644 aspera
415 1600 604 1644 apparent.
628 1615 678 1620 —
715 1595 856 1642 Pagina
892 1595 1048 1631 inferior
1083 1594 1316 1644 speciminis,
1356 1593 1453 1641 quod
1488 1598 1572 1628 ante
1598 1591 1724 1626 oculos

248 1658 380 1701 habeo,
405 1657 514 1705 plana
541 1661 589 1700 et,
616 1656 652 1691 in
681 1656 800 1692 medio
837 1662 977 1693 tantum
1003 1669 1203 1706 parumper
1238 1668 1418 1698 concava,
1455 1653 1590 1701 ubique
1626 1651 1724 1688 echi·

250 1724 334 1756 nata
369 1731 397 1754 S.
436 1719 601 1754 aculeata
642 1723 706 1753 est.
767 1718 922 1762 Aculei,
955 1718 1155 1767 marginem
1195 1729 1325 1754 versus
1354 1715 1531 1764 majores,
1567 1715 1725 1750 lamella-

249 1792 330 1816 rum
359 1791 508 1815 cursum
546 1785 771 1827 sequuntur,
809 1779 848 1816 in
875 1780 997 1817 medio
1024 1786 1145 1817 autem
1186 1779 1464 1816 concaviusculo
1501 1777 1661 1814 minores
1690 1780 1726 1811 et

250 1840 364 1889 magis
391 1840 551 1889 dispersi
578 1848 767 1890 apparent.
818 1842 967 1879 Horum
994 1844 1204 1880 aculeorum
1224 1841 1346 1891 apices
1364 1838 1606 1876 obtusiusculi
1635 1838 1726 1874 den-

250 1903 348 1940 tibus
374 1902 543 1952 pluribus
579 1903 724 1950 exiguis
763 1905 1018 1942 terminantur.
1084 1905 1289 1941 Nonnullae
1315 1902 1436 1938 lineae
1473 1899 1724 1936 concentricae

251 1965 290 2001 in
316 1965 383 2001 hac
408 1963 542 2013 pagina
568 1964 918 2014 conspiciuntur.——
938 1968 1048 2004 Color
1074 1965 1259 2016 polyparii
1286 1963 1639 2000 albido—fuscescens
1658 1965 1725 1996 est.

349 2051 411 2100 Sp.
437 2051 473 2087 2.
499 2050 774 2100 Riippellii,
801 2064 884 2088 nov.
916 2065 990 2101 sp.,
1017 2053 1108 2089 Tab.
1135 2052 1164 2088 Ι.

350 2113 506 2162 Polyp
518 2111 685 2150 arium:
712 2114 931 2162 Oblongum,
958 2114 995 2150 in
1024 2114 1144 2150 medio
1172 2113 1237 2150 vix
1264 2114 1472 2161 angusfius,
1498 2122 1613 2159 supra
1639 2121 1724 2145 con—

255 2187 410 2219 vexum,
449 2175 580 2212 subtus
614 2188 833 2221 concavum3
872 2175 1026 2212 lamellis
1059 2175 1332 2224 inaequalibus,
1371 2173 1544 2220 utrinque
1571 2170 1724 2220 asperiS,

254 2235 508 2282 denticulati5'3
537 2237 708 2273 dentibus
729 2237 875 2281 erectis,
902 2237 1166 2285 inaequalibus,
1192 2234 1342 2283 saepius
1357 2232 1534 2277 laceratis
1560 2231 1726 2280 apicibus

254 2297 369 2344 magis
396 2298 584 2343 truncatis,
611 2299 792 2347 spinosis3
821 2311 909 2336 cavo
929 2298 1050 2335 medio
1069 2299 1246 2345 elongato,
1273 2300 1426 2343 angusto
1453 2294 1498 2329 ad
1526 2298 1724 2341 utrumque

255 2358 333 2394 fere
362 2359 558 2407 marginem
587 2361 776 2408 producto,
803 2360 987 2406 indiviso3
1014 2359 1146 2410 pagina
1171 2357 1338 2395 inferiori
1366 2355 1542 2393 echinata.
