1986 2679
866 260 1115 296 ..49—

247 366 360 402 altera
405 377 491 414 pars
537 370 659 401 autem
697 360 871 399 humilior
896 359 1041 405 evadit,
1081 365 1118 396 et
1150 359 1213 395 tali
1252 360 1360 397 modo
1405 361 1465 397 vel
1503 361 1617 398 centri
1666 374 1725 399 ca-

247 440 335 464 vum
372 427 551 477 adtingit,
587 432 629 463 ut
664 426 702 462 in
739 423 966 472 longioribus
1002 422 1060 458 his
1094 420 1249 458 lamellis
1283 420 1378 465 vidi,
1416 421 1476 457 vel
1503 421 1549 458 ad
1575 422 1643 458 hoc
1669 435 1727 459 ca-

250 501 337 526 vum
365 501 437 526 non
463 486 646 538 pervenit,
677 492 717 523 ut
742 486 781 522 in
799 485 1030 522 brevioribus
1058 489 1095 521 et
1111 482 1342 521 brevissimis
1360 484 1516 522 lamellis
1535 485 1723 522 observari

234 557 381 600 potest.
432 551 475 587 In
501 548 618 598 partis
644 548 784 585 altioris
810 548 940 585 harum
961 547 1170 584 breviorum
1189 546 1418 583 lamellarum
1444 546 1520 583 fine
1545 547 1727 597 plurimae

250 625 376 649 earum
402 623 532 660 parum
560 609 758 646 crassiores
785 610 880 646 fiunt
907 614 965 654 et,
992 609 1114 646 dentis
1140 607 1263 646 obtusi
1292 608 1409 645 instar
1432 608 1493 645 hic
1516 609 1728 658 prominen-

249 679 317 717 tes,
342 673 569 709 lamellarum
597 671 829 708 altitudinem
857 671 1001 708 solitam
1029 674 1216 719 superant.
1269 670 1452 719 Quaeque
1478 671 1623 707 lamella
1641 672 1725 708 sub—

251 734 422 784 tilissime
449 739 588 770 sen-ata
614 738 652 770 et
677 733 851 781 utrinque
877 744 1008 781 aspera
1033 736 1109 776 θεῖς
1135 729 1322 779 longiores
1350 736 1387 767 et
1413 731 1649 780 longissimae
1675 733 1725 768 la-

239 797 380 832 *mellae
414 795 548 832 leniter
581 796 793 839 flexuosae,
839 794 1080 831 brevissimae
1114 798 1238 830 autem
1281 797 1404 829 rectae
1439 797 1536 828 sunt.
1600 793 1728 829 centri

248 869 378 894 cavum
405 863 612 905 angustum,
645 858 840 906 oblongum
868 862 905 893 et
931 855 1118 905 obliquum
1146 859 1307 904 apparet.
1329 875 1377 881 —
1409 853 1551 903 Pagina
1575 854 1729 891 inferior

251 930 408 955 concava
436 919 658 955 denticulata
686 924 752 964 est,
779 918 952 955 dentibus
981 917 1126 965 exiguis
1153 915 1306 961 obtusis,
1332 916 1560 952 lamellarum
1578 927 1727 952 cursum

251 980 502 1029 sequentibus.
555 981 676 1018 Etiam
704 981 741 1017 in
767 982 835 1018 hac
861 980 986 1030 specie
1013 979 1110 1016 infra
1142 977 1270 1015 annuli
1307 976 1527 1014 concentriei
1563 978 1729 1014 nonnulli

250 1044 501 1079 observantur.
526 1064 571 1071 -
597 1043 707 1079 Color
733 1042 920 1092 polyparii
948 1041 1103 1078 albidus.

350 1142 413 1190 Sp.
440 1140 474 1176 6.
501 1140 545 1176 F.
570 1141 839 1189 pectinata,
865 1139 1000 1176 Ehrb.

348 1202 681 1252 Polyparium:
719 1202 992 1251 (Semipedale)
1021 1201 1420 1251 emmim-oblongum,
1452 1203 1626 1251 utrinque
1653 1203 1731 1251 pla—

250 1277 358 1309 num,
398 1264 472 1300 oris
499 1263 613 1300 medii
642 1264 778 1308 (centri
805 1263 904 1306 cavi)
933 1263 1024 1300 rima
1057 1263 1285 1311 longissima,
1320 1263 1366 1299 ad
1392 1268 1592 1311 utrumque
1619 1264 1731 1300 finem

251 1339 369 1375 usque
396 1327 593 1376 producta3
631 1326 786 1362 lamellis
814 1326 997 1373 dorsoque
1023 1325 1156 1362 rudius
1184 1324 1364 1370 dentatis,
1392 1324 1465 1362 illis
1492 1325 1731 1362 radiantibus..

249 1389 445 1425 Ehrenb.

350 1451 382 1485 A
394 1451 484 1487 nim
497 1446 569 1487 alt*
584 1451 761 1499 ignotum.

359 1511 715 1550 Habitaculum:
742 1514 914 1551 Oceanus
940 1514 1177 1551 indicus?——
1200 1513 1426 1562 Hospitatur
1452 1512 1490 1549 in
1516 1523 1645 1549 museo
1673 1524 1729 1547 re-

250 1575 310 1622 gio
337 1574 586 1612 Berolinensi.
1027 1605 1033 1609 .

350 1637 440 1674 Ciu:
469 1637 594 1684 Seba,
621 1638 800 1675 Thesaur.
827 1637 897 1674 III.
925 1638 1016 1675 Tab.
1043 1637 1162 1674 CXII.
1189 1637 1233 1674 F.
1259 1636 1321 1673 29.

349 1699 565 1742 Ehrenb.,
593 1699 894 1736 Gorallenthiere.
921 1712 956 1748 p.
984 1699 1046 1735 50.
1074 1711 1127 1734 nr.
1150 1699 1184 1734 2.

351 1761 412 1797 Ex
444 1767 549 1811 parte
584 1760 729 1810 Fungia
767 1760 941 1805 scutaria,
980 1758 1262 1804 Lamarckii,
1300 1758 1412 1808 hujus
1438 1761 1577 1810 speciei
1614 1763 1731 1799 adnu-

253 1822 429 1858 meranda
457 1829 523 1858 est.
575 1822 633 1858 Cf.
659 1822 760 1859 Hist.
787 1828 858 1859 nat.
886 1822 951 1859 des
979 1821 1101 1858 Anim.
1127 1833 1156 1857 s.
1174 1820 1344 1858 Vertebr.
1370 1821 1474 1858 Tom.
1500 1822 1550 1859 Π.
1578 1836 1613 1872 p.
1642 1823 1726 1859 372.

253 1896 302 1920 nr.
330 1883 365 1919 6.

354 1965 419 2015 Sp.
446 1965 516 2001 7.‘.2
535 1966 579 2003 F.
607 1966 834 2010 scutaria,
860 1966 979 2003 Lam.
1005 1965 1166 2015 (Fongie
1194 1966 1394 2012 bouclier);
1432 1967 1634 2003 emendatis
1662 1981 1729 2016 s.)-

256 2027 442 2075 nonymis,
470 2027 617 2064 secund.
643 2027 912 2076 Ehrenberg
931 2030 990 2070 Η).

257 2141 299 2177 ¹⁴)
321 2141 507 2172 Lamarck
542 2142 677 2182 Fungiae
707 2144 857 2174 scutariae
888 2148 1052 2183 sequentes
1087 2143 1169 2174 dedit
1206 2144 1418 2175 characteres:
1455 2143 1728 2184 Oblongo-eilip-

333 2196 399 2233 tioa,
421 2195 561 2234 utrinque
584 2195 755 2234 planulata3
789 2196 917 2227 lamellis
940 2196 1166 2237 inaequalibus,
1188 2195 1358 2234 undulatis,
1379 2195 1582 2236 subintegris;
1604 2199 1730 2235 majori-

334 2245 389 2276 bus
411 2246 564 2279 radiorum
586 2247 783 2287 longitudine.

415 2297 498 2329 Haeo
520 2300 655 2340 species,
685 2304 717 2332 ut
739 2301 921 2333 Lamarek
950 2302 1087 2339 adnotat,
1122 2302 1280 2333 transitum
1309 2303 1397 2340 quasi
1423 2301 1494 2332 facit
1523 2301 1563 2332 ad
1583 2300 1726 2341 Fungiani

336 2350 519 2383 limacinam.
541 2352 631 2384 Lam.
