1986 2679
848 259 1097 299 «23..-

334 358 424 395 Sine
443 358 554 396 dubio
572 370 711 408 paucae
731 362 872 395 tantum
892 360 1134 397 Coralliorum
1153 373 1420 411 europaeorum
1439 363 1582 412 species
1600 363 1708 401 etiam

235 421 272 457 in
299 420 459 457 maribus
486 420 675 457 extraneis
702 426 920 467 occurrunt3
954 427 1114 458 attamen
1145 423 1274 472 plures
1302 424 1446 472 species
1473 425 1584 461 maris
1607 425 1708 462 rubri

235 482 386 518 eaedem
414 481 558 531 species
585 493 668 517 esse
695 481 880 528 videntur,
906 496 1000 532 quae
1027 484 1137 521 etiam
1165 484 1204 521 in
1230 485 1321 522 mari
1347 485 1468 522 indico
1495 492 1533 523 et
1558 487 1709 524 australi

234 543 487 592 reperiuntun
496 563 544 568 —
555 563 604 569 —

305 603 390 639 Hoc
403 604 482 639 loco
508 615 624 651 pauca
649 608 788 640 tantum
819 617 861 640 ea
875 604 920 641 de
939 617 979 641 re
1006 605 1098 651 dico,
1114 618 1307 643 numerum
1330 619 1403 643 non
1424 607 1540 644 solum
1565 607 1709 657 specie-

233 676 313 701 rum
332 663 573 700 Coralliorum
591 678 611 700 a
629 665 879 714 septentrione
899 666 944 703 ad
963 667 1153 704 meridiem
1175 680 1306 704 versus
1321 680 1499 712 crescere,
1519 668 1584 704 sed
1599 668 1707 704 etiam

232 724 373 772 copiam
401 729 437 760 et
463 727 649 762 cumulum
684 720 962 764 individuorum
995 728 1221 778 singularum
1249 730 1456 779 specierum
1483 730 1522 766 in
1547 730 1708 766 maribus

232 785 531 823 meridionalibus
558 787 672 835 magis
698 788 839 836 augeri3
865 794 902 825 et
928 791 1147 838 praesertim
1174 791 1212 827 id
1239 791 1285 827 de
1311 791 1357 827 iis
1376 791 1603 827 Coraliorum
1623 804 1707 840 spe-

231 846 356 883 ciebus
383 848 556 884 contendi
590 853 733 897 potest,
761 862 855 898 quae
882 850 1046 899 ingentia
1071 852 1133 889 illa
1160 854 1237 889 loca
1264 852 1469 889 corallifera
1495 853 1707 898 (Korallen-

229 906 330 956 riffe)
358 909 467 944 maris
484 909 585 945 rubri
608 915 644 946 et
672 912 827 948 maxima
846 917 956 961 atque
974 913 1097 950 nautis
1116 913 1458 951 formidolosissima
1477 926 1566 949 saxa
1588 915 1703 950 coral-

228 968 304 1005 lina
326 969 435 1005 maris
463 971 672 1007 Australiae
700 972 877 1018 efficiunt,
906 987 1000 1022 quae
1025 980 1197 1024 tanquam
1223 976 1353 1023 sylvae
1379 974 1529 1011 altiores
1553 974 1707 1011 marium

230 1035 372 1066 montes
399 1037 436 1067 et
462 1044 575 1080 rupes
615 1034 842 1071 submarinas
875 1040 1015 1084 tegunt.
1067 1037 1148 1073 Viri
1184 1035 1342 1080 eruditi,
1382 1036 1446 1084 qui
1471 1035 1587 1084 priori
1614 1041 1708 1072 tem-

184 1095 187 1096 ’
228 1103 318 1139 pore
346 1092 457 1128 maria
475 1093 535 1129 illa
562 1095 858 1143 pernavigabant,
886 1098 977 1134 hanc
1021 1097 1230 1146 opinionem
1264 1098 1522 1146 sequebantur,
1550 1095 1706 1146 majores

230 1152 372 1189 insulas
407 1159 444 1190 et
479 1155 605 1203 plures
643 1157 751 1193 maris
789 1158 996 1195 Australiae
1036 1159 1218 1220 Cyfladas
1258 1172 1306 1195 ex
1333 1159 1390 1195 his
1425 1159 1584 1195 coralliis
1610 1164 1707 1195 ortas

228 1219 266 1249 et
291 1219 394 1250 natas
422 1228 515 1252 esse.
568 1217 715 1254 Clariss.
742 1218 775 1254 J.
803 1219 847 1255 R.
873 1219 1072 1257 Forster
1103 1222 1173 1265 ⁵⁷),
1201 1225 1238 1256 et
1265 1225 1348 1268 post
1375 1232 1458 1256 eum
1486 1220 1703 1268 praesertim

227 1275 293 1311 cel.
313 1276 467 1312 Peron
487 1278 534 1322 ⁵⁸)
561 1283 598 1313 et
625 1279 870 1317 Chamisso
889 1283 937 1324 ⁵⁹)
966 1282 1058 1318 hanc
1085 1281 1303 1317 sententiam
1323 1281 1575 1318 demonstrare
1597 1293 1705 1317 cona-

227 1336 377 1373 bantur:
418 1338 684 1376 recentioribus
713 1354 800 1378 vero
827 1343 1056 1392 temporibus
1083 1344 1148 1380 cel.
1175 1343 1311 1392 Quoy
1338 1348 1376 1379 et
1401 1342 1627 1380 Gaimard
1655 1344 1704 1387 ⁶⁰)

305 1514 429 1555 addidit,
453 1520 481 1546 et
503 1516 655 1548 oculatiss.
677 1517 913 1558 Ehrenberg
934 1519 973 1550 20
995 1524 1024 1550 et
1045 1520 1149 1559 plures
1171 1522 1291 1559 species
1314 1522 1345 1552 in
1366 1524 1442 1552 mari
1464 1522 1556 1553 rubro
1578 1523 1700 1553 invenit.

304 1566 479 1598 Secundum
511 1577 619 1599 novam
656 1571 757 1608 operis
789 1570 1002 1601 Lamarckiani
1032 1570 1193 1602 editionem
1229 1571 1266 1602 de
1288 1573 1468 1605 animalibus
1489 1573 1702 1605 invertebratis

302 1620 432 1649 maxima
455 1621 642 1658 cognitarum
665 1622 837 1660 specierum
860 1623 947 1661 copia
969 1623 999 1652 iu
1020 1622 1154 1654 maribus
1177 1625 1353 1663 europaeis,
1376 1628 1437 1655 tum
1459 1626 1489 1655 in
1510 1627 1585 1656 mari
1607 1624 1699 1655 rubro

301 1673 331 1700 et
355 1670 530 1704 Australiae
559 1676 681 1710 reperta
714 1676 768 1703 est.
810 1673 908 1704 Etiam
938 1675 969 1704 in
996 1674 1130 1706 maribus
1157 1676 1328 1706 Amerinam
1371 1676 1559 1715 cingentibus
1595 1677 1698 1715 plures

299 1723 420 1760 species
443 1723 582 1753 inventae
605 1728 689 1763 sunt3
712 1733 828 1763 paucae
851 1728 964 1755 tantum
988 1726 1145 1765 hucusque
1168 1728 1197 1756 in
1219 1728 1353 1760 maribus
1377 1729 1519 1759 africanis
1542 1732 1571 1759 et
1583 1727 1697 1759 indicis.

300 1773 397 1811 Major
419 1773 655 1806 Zoanthinorum
678 1780 816 1807 notorum
838 1786 982 1808 numerus
1005 1780 1035 1808 in
1057 1781 1133 1809 mari
1155 1780 1264 1819 rubro,
1287 1783 1316 1811 et
1344 1781 1458 1820 aliquot
1480 1781 1556 1811 aliae
1578 1781 1697 1820 species

299 1825 330 1854 in
350 1826 426 1855 mari
457 1826 680 1857 mediterraneo
704 1833 732 1859 et
753 1830 834 1860 circa
854 1830 1024 1860 Americam
1056 1834 1227 1861 occurrunt.
1270 1831 1403 1871 Animal,
1433 1832 1513 1871 quod
1541 1832 1697 1864 Zoanthae

299 1875 395 1906 Ellisii
416 1879 536 1908 nomine
559 1878 673 1909 Delle
696 1880 833 1919 Chiaje
857 1882 905 1917 (L.
927 1882 945 1911 l.
969 1882 1050 1912 Tom.
1073 1882 1119 1913 ΙΠ.
1141 1872 1169 1920 ρ’.
1186 1882 1233 1922 98,
1255 1886 1340 1922 sqq.)
1354 1884 1383 1913 in
1405 1885 1481 1913 mari
1503 1884 1695 1923 neapolitano

299 1932 452 1966 repertum
465 1928 636 1969 descripsit,
660 1933 781 1961 omnino
805 1932 956 1964 diversum
980 1938 1024 1964 est
1047 1943 1064 1964 a
1084 1934 1221 1964 Zoantho
1234 1934 1364 1971 (Ellisii)
1374 1936 1508 1974 priorum
1531 1940 1694 1967 auctorum.

222 1977 267 2015 ⁵⁷)
289 1978 522 2019 Bemerkungen
544 1982 598 2011 aus
617 1984 719 2013 seiner
752 1983 842 2015 Reise
865 1994 914 2015 um
938 1984 986 2016 die
1018 1985 1105 2017 Welt.
1148 1985 1277 2017 Uebers.
1300 1985 1362 2016 und
1393 1988 1446 2017 mit
1473 1988 1616 2018 Annierk.
1636 1995 1695 2018 von

298 2031 329 2062 G.
352 2031 520 2063 Forster.
564 2034 674 2065 Berlin.
694 2035 777 2066 1783.
802 2036 829 2067 8.
852 2045 881 2075 p.
906 2037 970 2067 127.

220 2081 267 2121 5Β)
290 2083 416 2123 voyage
440 2083 476 2115 de
501 2086 700 2117 decouvertes
723 2097 782 2118 aux
806 2089 916 2119 Terres
939 2088 1097 2119 australes.
1121 2089 1260 2119 Seconde
1283 2089 1362 2128 edit„
1383 2098 1484 2129 revue,
1507 2091 1642 2130 corrigee
1665 2094 1693 2121 et

295 2136 473 2173 augmento-c
497 2146 551 2175 par
574 2138 604 2167 L.
628 2138 670 2168 de
693 2139 913 2177 Freycinet.
937 2140 1018 2170 Tom.
1035 2140 1082 2170 lv.
1104 2140 1170 2170 Par.
1195 2140 1280 2172 1824.
1300 2142 1327 2172 8.
1350 2150 1378 2180 p.
1400 2141 1466 2180 228,
1489 2149 1572 2181 sqq·

220 2184 264 2220 ⁵⁹)
287 2184 320 2215 0.
335 2195 362 2216 V.
385 2186 597 2228 Kotzebue,
620 2190 921 2230 Entdeckungsreise
943 2193 973 2222 in
996 2191 1050 2221 der
1071 2190 1189 2222 Sudsee
1211 2191 1272 2222 und
1294 2193 1372 2223 nach
1383 2192 1436 2223 der
1448 2193 1692 2232 Beringsstrasse

297 2241 351 2266 etc.
393 2237 446 2268 Bd.
470 2239 516 2270 ΠΙ.
559 2240 699 2271 Weimar.
725 2243 808 2273 1821.
829 2245 856 2273 4.
880 2253 907 2282 p.
931 2244 996 2274 187.

221 2288 266 2321 ⁶⁰)
291 2288 319 2318 L.
345 2288 387 2319 dc
412 2290 453 2319 Fr
464 2293 628 2330 eycinet,
651 2293 777 2333 Voyage
800 2299 908 2326 autour
929 2296 969 2327 du
981 2295 1099 2334 Monde⁷
1121 2296 1271 2336 enterpris
1294 2303 1349 2335 par
1371 2295 1462 2326 ordre
1485 2295 1524 2326 du
1536 2295 1591 2327 Roi
1612 2304 1690 2335 pen-
