1986 2679
835 264 1084 301 -12—

228 378 312 403 nem
336 364 393 414 ¹⁰).
443 366 498 400 Ita
522 362 669 399 tandem
697 362 766 399 hae
791 374 852 398 res
887 361 1104 411 singulares,
1139 364 1358 412 praesertim
1383 365 1422 403 in
1457 369 1616 407 maribus
1645 370 1701 407 di-

230 427 451 465 versissimis
491 426 674 469 inventae,
714 429 814 462 recte
852 424 1049 473 Zoologiae
1090 424 1297 462 vindicatae
1324 431 1421 463 sunt.
1479 428 1556 477 Qui
1588 432 1700 468 flores

229 488 469 526 Coralliorum
483 492 589 522 antea
600 485 730 522 crediti
745 490 857 530 erant,
884 498 951 534 pro
966 485 1182 523 animalibus
1200 487 1371 536 Polypis‚
1397 490 1591 539 polyparia
1607 492 1700 537 (Po-

228 549 388 598 lypiers)
414 552 537 584 autem
571 559 638 596 pro
675 547 805 582 horum
843 546 1052 583 animalium
1089 547 1306 585 habitaculis
1341 555 1378 586 et
1415 552 1561 600 punctis
1597 554 1701 598 quasi

227 610 332 654 fixis,
372 621 420 645 ex
453 608 545 657 ipsis
580 607 637 644 his
670 607 885 644 animalibus
917 608 1028 653 ortis,
1069 609 1252 658 etiamque
1290 615 1420 648 natura
1447 617 1484 648 et
1515 618 1700 651 structura

229 671 376 708 animali
402 670 596 719 praeditis,
632 669 811 705 declarata
837 675 933 706 sunt.
991 669 1074 705 Etsi
1101 671 1229 706 eodem
1263 676 1429 721 tempore
1463 673 1584 710 adhuc
1609 687 1701 712 non-

229 733 319 770 nulli
346 730 547 768 adversarii
575 730 661 766 huic
689 730 894 766 sententiae
921 729 1171 767 contradicere
1197 731 1277 768 ausi
1304 738 1424 776 erant,
1460 734 1590 771 horum
1618 735 1700 784 qui-

233 794 315 830 dem
343 791 570 841 objectiones
604 791 755 827 minoris
781 797 902 828 tamen
930 793 1104 829 momenti
1131 799 1235 830 erant
1261 798 1299 830 et
1325 796 1601 833 celebratissimi
1629 797 1700 834 viri

228 855 344 891 John
371 853 495 889 Ellis
515 855 572 899 ¹¹),
600 853 771 897 mnne,
799 854 960 890 Baster
980 857 1038 900 ¹²),
1064 855 1223 892 Pallas
1245 857 1290 902 ¹³)
1317 856 1426 906 primi
1453 862 1490 894 et
1514 857 1701 906 principes

228 914 440 952 nominandi
467 919 563 958 sunt,
589 914 652 962 qui
680 927 776 951 nunc
796 915 923 952 horum
943 916 1153 953 animalium
1181 917 1528 967 Zoophytorum
1555 919 1701 968 species

226 975 433 1014 accuratius
455 976 782 1024 perscrutabantur
801 981 911 1024 atque
933 976 1029 1013 inter
1040 977 1209 1014 animalia
1221 984 1259 1015 et
1278 979 1315 1015 in
1329 979 1494 1016 ordinem
1516 980 1698 1028 quendam

228 1045 275 1084 et,
303 1044 343 1074 ut
368 1037 450 1074 fieri
485 1038 626 1087 potuit,
663 1043 812 1087 aptum,
850 1038 1019 1087 redigere
1054 1040 1285 1076 conabantur.
1350 1041 1393 1076 In
1421 1040 1583 1077 editione
1611 1040 1702 1077 Lin-

228 1099 336 1136 neani
357 1099 577 1147 Systematis
596 1104 749 1135 naturae
776 1099 927 1144 decima,
957 1112 1051 1136 anno
1081 1099 1192 1144 1758,
1218 1100 1377 1149 primum
1405 1101 1562 1137 Corallia
1588 1113 1701 1149 regno

228 1160 376 1197 animali
401 1162 445 1197 ab
472 1160 667 1197 immortali
695 1160 774 1196 viro
801 1160 984 1209 adscripta
1012 1166 1109 1197 sunt.
1160 1160 1219 1197 Ex
1247 1161 1315 1197 hoc
1341 1166 1507 1210 ternpore
1534 1161 1570 1197 in
1598 1161 1701 1198 futu-

229 1235 310 1259 rum
337 1222 417 1258 sine
444 1222 518 1258 ulla
544 1222 829 1258 contradictione
856 1222 1036 1267 Corallia,
1075 1235 1169 1270 quae
1195 1229 1302 1259 antea
1335 1222 1467 1271 partim
1496 1234 1608 1270 regno
1636 1222 1702 1258 mi-

228 1283 354 1327 nex-ali,
381 1283 514 1332 partim
543 1295 654 1330 regno
670 1282 865 1331 vegetabili
891 1281 1062 1331 adjuncta
1088 1283 1246 1327 fuerant,
1273 1295 1386 1331 regno
1412 1282 1558 1319 animali
1588 1282 1703 1318 adtri-

231 1345 318 1380 buta
355 1349 443 1380 sunt
478 1349 516 1380 et
550 1343 704 1380 illustris
744 1343 1065 1380 celeberrimorum
1107 1349 1258 1380 naturae
1292 1348 1535 1379 scrutatorum
1576 1343 1704 1385 series,

230 1417 386 1453 quorum
413 1405 558 1441 nomina
585 1410 622 1441 et
648 1405 783 1454 scripta
810 1406 978 1441 omnibus
1005 1410 1090 1441 nota
1116 1411 1213 1449 sunt,
1240 1417 1357 1453 usque
1384 1405 1427 1441 ad
1456 1410 1613 1441 nostram
1642 1416 1702 1440 ae-

230 1471 342 1501 tatem
371 1466 416 1502 de
443 1466 594 1502 historia
621 1467 900 1515 Zoophytorum
928 1467 1084 1503 naturali
1111 1465 1250 1515 optime
1269 1466 1409 1510 merita,
1437 1466 1615 1502 laudanda
1636 1470 1702 1502 est.

230 1527 508 1563 Praetermissis
530 1525 606 1574 jam
633 1527 829 1562 nominatis
857 1526 1125 1563 scrutatoribus
1153 1527 1212 1562 hic
1245 1527 1491 1563 enumeranda
1526 1532 1612 1562 sunt
1629 1526 1702 1562 ‘no-

234 1587 331 1622 mina
359 1592 395 1622 et
421 1587 557 1635 scripta
594 1587 878 1623 clarissimorum
916 1588 1078 1623 virorum
1116 1587 1356 1630 Cavolini,
1395 1588 1703 1636 Spallanzani,

233 1648 385 1692 Olivi‚
412 1649 664 1692 Solander,
693 1649 864 1697 Esper,
893 1648 1136 1692 Lamarck,
1163 1648 1364 1690 Cuvier,
1390 1648 1703 1696 Schweigger,

233 1709 549 1753 Lamouroux,
587 1709 813 1757 Savigny,
852 1710 1089 1752 Lesueur‚
1128 1709 1324 1753 Lesson‚
1361 1710 1499 1758 Quoy
1527 1716 1563 1745 et
1598 1710 1702 1747 Gai-

235 1770 374 1814 uiard,
400 1770 549 1818 Rapp,
577 1770 858 1814 Blainville‚
886 1771 1051 1815 Grant‚
1078 1770 1363 1818 Ehrenberg,
1392 1771 1563 1814 Lister‚
1590 1771 1703 1813 Sars,

235 1832 377 1868 Milne
409 1830 654 1874 Edwards,
682 1832 846 1875 Fan-re,
874 1832 1101 1868 aliorum.—

334 1891 430 1927 Miro
458 1892 585 1935 modo,
613 1897 650 1927 et
677 1897 718 1928 ut
743 1893 892 1941 saepius
920 1893 1001 1929 fieri
1030 1893 1145 1937 solet,
1172 1904 1290 1941 usque
1316 1893 1361 1928 ad
1388 1898 1512 1928 nostra
1539 1899 1701 1941 tempora

236 1954 362 2002 plures
375 1953 572 2002 praecipue
591 1953 698 1989 maris
717 1960 916 1998 creaturae,
942 1954 1047 2003 prius
1068 1967 1215 2003 quoque
1234 1953 1272 1989 in
1294 1954 1435 2002 plantas
1462 1954 1618 1989 marinas
1646 1966 1701 1988 re-

240 2073 282 2109 10)
305 2074 392 2104 Delia
413 2074 505 2105 storia
527 2073 664 2104 naturale
685 2074 803 2103 marina
825 2072 891 2103 dell'
913 2072 1077 2103 Adriatico.
1125 2072 1236 2103 Venez.
1260 2073 1344 2104 1750.
1362 2075 1388 2104 4.

245 2124 288 2163 ¹¹)
312 2126 358 2155 An
381 2133 471 2163 essay
493 2125 625 2155 towards
648 2134 666 2155 a
687 2124 804 2155 natural
828 2125 943 2163 history
966 2125 999 2154 of
1018 2125 1068 2155 the
1089 2124 1264 2155 Corallines.
1286 2124 1380 2155 Lond.
1405 2125 1488 2155 1754.
1510 2126 1537 2154 4.
1580 2124 1624 2154 De
1648 2125 1706 2154 hoc

319 2178 441 2216 egregio
473 2177 549 2207 libro
580 2177 808 2208 translationem
830 2177 861 2207 in
881 2176 1014 2216 linguam
1040 2176 1180 2215 gallicam
1214 2174 1370 2214 possideo:
1412 2175 1438 2206 Α
1459 2175 1487 2206 la
1509 2175 1595 2214 Haye
1622 2176 1703 2206 1756.

318 2231 345 2259 4.
369 2229 496 2260 editam.-

243 2279 289 2318 η)
311 2280 461 2312 Elenchus
483 2281 717 2320 Zoophytorum.
760 2281 864 2320 Hagac
887 2281 991 2312 Comit.
1014 2280 1098 2310 1766.
1121 2280 1148 2310 S,

244 2330 289 2370 ¹³)
311 2330 463 2370 opuscula
484 2332 660 2371 subseciva,
682 2336 736 2364 eto.
758 2333 821 2364 Lib.
843 2334 876 2364 II.
918 2332 1047 2363 Harlem.
1072 2332 1156 2362 1760.
1178 2333 1204 2361 4.
