1986 2679
853 278 1102 317 —24-

239 383 349 427 atque
383 380 474 415 ocul.
508 379 786 427 Ehrenberg
803 381 852 422 ⁶¹)
881 391 921 415 re
952 391 1040 415 vera
1067 377 1319 422 ostendebant,
1346 378 1444 415 illam
1472 392 1597 417 eorum
1625 393 1705 417 sen-

237 439 386 476 tentiam
416 452 496 476 esse
518 441 656 477 falsam.
683 441 855 477 Attamen
882 439 1042 476 minores
1064 439 1203 476 insulas
1229 452 1299 489 ope
1325 440 1471 477 illorum
1489 440 1709 485 animalium,

237 504 279 536 ut
304 501 370 537 cel.
397 501 528 550 Quoy
556 507 593 538 et
619 502 841 539 Gaimard
868 501 978 537 etiam
1006 501 1195 546 referunt,
1220 500 1407 538 interdum
1435 502 1607 538 formatas
1627 514 1710 537 esse

240 560 303 596 vix
318 561 484 597 dubitare
510 574 719 610 possumus.
770 563 978 599 Memoratu
1000 562 1149 610 dignum
1177 567 1244 607 est,
1271 576 1359 599 saxa
1379 564 1582 600 corallifera
1602 563 1711 599 maris

237 621 348 665 rubri,
376 627 416 658 ut
443 622 710 670 Ehrenberg
735 623 870 667 refert,
897 635 1046 671 semper
1072 624 1180 671 plana
1207 629 1248 660 ut
1276 625 1416 660 tabulas
1443 625 1710 672 (tafelformig),

237 695 348 731 saepe
375 683 650 720 taeniaeformia
677 685 736 720 vel
763 684 800 720 in
830 685 977 721 modum
1014 685 1193 721 serierum
1228 685 1361 729 locata,
1387 685 1559 733 parallela
1595 697 1709 733 prope

237 745 358 781 littora
385 745 556 790 extendi3
597 746 724 781 eadem
752 758 841 782 vero
868 746 905 782 in
934 749 1020 782 mari
1057 746 1267 783 Australiae
1299 752 1361 783 aut
1399 747 1512 794 magis
1544 746 1709 782 infundi-

238 807 446 843 bulil'ormia
472 812 536 843 aut
570 807 835 843 crateriformia
863 820 946 844 esse
981 808 1226 844 contenditur.
1254 827 1300 834 —-
1338 807 1543 855 Singularis
1572 808 1644 843 vita
1671 807 1707 843 in

239 867 406 904 omnibus
433 868 490 904 his
517 868 607 904 locis
635 869 851 905 coralliseris
878 869 1194 914 animadvertitur,
1223 869 1308 905 dum
1337 868 1440 917 quasi
1467 881 1604 917 parvus
1632 868 1708 903 ani-

237 929 383 964 malium
414 929 633 966 marinorum
662 931 840 974 mundus,
879 939 1051 980 tanquam
1081 932 1208 967 Fauna
1236 943 1382 973 eorum,
1421 930 1644 966 domicilium
1671 930 1708 964 in

236 990 282 1025 iis
308 991 443 1038 posuit.
470 991 599 1027 Pisces
622 992 791 1037 minores,
819 994 1027 1037 Crustacea‚
1054 993 1220 1035 Vermes‚
1249 993 1426 1028 Mollusca
1454 996 1491 1026 et
1517 991 1711 1038 Zoophyta

238 1051 418 1087 variarum
449 1052 648 1088 formarum
674 1052 755 1088 illas
784 1053 967 1089 mirabiles
996 1053 1148 1089 marium
1176 1053 1302 1100 sylvas
1331 1053 1641 1100 frequentant.—
1664 1073 1710 1076 —-

335 1113 586 1148 Perserutatio
619 1114 860 1150 Coralliorum
888 1119 1010 1150 autem
1038 1126 1109 1150 non
1145 1115 1263 1150 solum
1291 1113 1482 1161 Zoologis,
1509 1113 1573 1148 sed
1603 1112 1709 1148 etiam

237 1173 413 1221 Geologis
449 1175 569 1222 magni
607 1174 780 1211 momenti
822 1181 887 1236 ῗῐ.
947 1175 1089 1211 Multae
1125 1187 1251 1211 eorum
1292 1175 1454 1224 species,
1489 1174 1586 1210 inter
1621 1186 1710 1221 quas

236 1247 346 1284 saepe
360 1236 451 1271 tales
475 1241 578 1280 sunt,
605 1237 731 1284 quales
758 1237 956 1285 peculiaria
974 1249 1110 1284 genera
1137 1236 1377 1280 constituunt,
1404 1241 1576 1282 tanquam
1604 1234 1710 1270 reli—

238 1296 373 1344 quiae
393 1298 766 1334 antediluvianae
782 1298 1029 1346 reperiuntur.
1047 1298 1209 1333 Eaedem
1226 1297 1261 1332 in
1276 1296 1433 1332 diversis
1446 1300 1565 1332 terrae
1579 1295 1712 1339 stratis,

237 1369 348 1406 saepe
376 1359 467 1394 bene
495 1359 613 1395 adhuc
640 1364 879 1395 conservatae
906 1365 1123 1402 occurrunt,
1152 1365 1189 1394 et
1221 1359 1374 1394 multum
1403 1358 1447 1393 ad
1475 1357 1560 1392 talia
1593 1363 1712 1392 terrae

235 1423 346 1454 strata
373 1419 560 1455 formanda
587 1420 771 1455 interdum
802 1420 1050 1456 contulerunt.
1101 1419 1286 1466 Zoologus
1313 1419 1369 1454 his
1409 1418 1575 1466 reliquiis
1604 1417 1711 1452 sossi—

238 1479 333 1515 libus
370 1487 533 1528 systema
569 1481 693 1518 multis
732 1481 927 1530 speciebus
965 1487 1001 1517 et
1032 1481 1229 1530 generibus
1263 1480 1477 1528 amplificat,
1523 1479 1712 1526 Geologus

237 1545 358 1576 autem
386 1541 431 1576 iis
458 1543 673 1589 praesertim
701 1543 829 1586 utitur,
859 1548 898 1578 ut
925 1548 962 1578 et
989 1543 1137 1579 diversa
1165 1541 1340 1578 montium
1370 1546 1497 1583 strata,
1525 1545 1562 1575 et
1589 1540 1711 1575 ‹liver—

239 1614 313 1637 sam
343 1614 468 1638 eorum
496 1608 650 1639 aetatem
678 1603 882 1639 accuratius
910 1604 1069 1640 definiat.
1121 1604 1272 1652 Species
1300 1608 1337 1638 et
1362 1613 1496 1649 genera
1524 1613 1647 1636 eorum
1675 1600 1711 1635 in

242 1669 362 1699 terrae
390 1664 513 1700 stratis
541 1670 577 1700 et
604 1670 770 1701 vetustae
798 1670 835 1701 et
861 1665 1077 1701 recentioris
1101 1665 1270 1713 originis,
1297 1676 1407 1712 saepe
1434 1662 1573 1710 ingenti
1601 1661 1713 1709 copia,

240 1725 491 1770 inveniuntur,
518 1725 568 1762 ita
594 1732 635 1762 ut
662 1726 794 1762 similia
821 1726 921 1762 saxis
950 1726 1175 1772 coralligeris
1194 1725 1229 1761 in
1250 1725 1296 1761 iis
1315 1725 1454 1760 inclusa
1481 1724 1564 1759 sint.
1591 1723 1711 1771 Saepe

242 1791 360 1820 tamen
388 1785 495 1822 etiam
524 1786 665 1834 singula
692 1793 898 1824 occurrunt.
949 1787 1174 1836 Saepissime
1201 1787 1237 1822 in
1265 1786 1448 1834 prioribus
1475 1791 1512 1820 et
1532 1784 1711 1820 recentio-

242 1846 343 1882 ribus
363 1858 533 1881 saxorum
552 1848 686 1892 stratis,
706 1861 798 1896 quae
818 1861 864 1885 ex
884 1850 980 1885 calce
999 1853 1175 1893 constant,
1201 1848 1449 1896 reperiuntur,
1476 1846 1561 1882 inde
1587 1846 1631 1881 ab
1669 1845 1714 1880 iis

242 1919 335 1956 quae
349 1906 669 1955 Uebergangskalk
683 1909 855 1946 dicuntur
869 1910 1034 1958 usquein
1048 1915 1192 1953 cretam,
1220 1909 1402 1945 interdum
1416 1907 1521 1943 etiam
1537 1906 1573 1942 in
1589 1905 1713 1942 stratis

242 1981 352 2017 supra
380 1975 512 2005 cretam
543 1970 732 2014 calcareis,
760 1983 852 2019 quae
878 1972 922 2007 ad
951 1984 991 2007 ea
1011 1971 1130 2019 quarti
1150 1970 1312 2014 ordinis,
1338 1969 1509 2006 'Perti‘are
1535 1966 1710 2014 Gebirgs-

246 2030 366 2078 Lager
392 2030 504 2075 dicta,
537 2031 732 2080 pertinent.
785 2033 884 2082 Quin
913 2033 1021 2070 etiam
1049 2033 1192 2083 species
1229 2031 1405 2081 quaedam
1443 2029 1636 2066 stratorum
1665 2038 1712 2062 ex

325 2189 396 2221 dant
417 2191 461 2222 les
480 2192 597 2241 ‘ammes
622 2194 696 2224 1817
722 2211 759 2216 —
781 2195 827 2226 20.
868 2195 1026 2234 Zoologie‚
1049 2202 1103 2233 par
1127 2194 1234 2233 Quoy
1256 2198 1285 2225 et
1307 2191 1493 2225 Gairnard.
1535 2189 1602 2220 Par.
1629 2186 1713 2218 1824.

323 2244 349 2272 [ι.
395 2267 400 2272 .
422 2243 480 2273 658
510 2252 524 2273 s
571 2269 576 2274 .

250 2291 295 2331 ¹⁵¹)
317 2251 419 2324 Uelier
441 2269 488 2324 die⁷
510 2252 604 2326 Nqalur
624 2296 686 2327 und
707 2297 836 2338 Bildung
859 2298 912 2330 der
934 2297 1175 2330 coralleninseln
1197 2295 1257 2327 und
1280 2291 1520 2326 Corallenbanke
1542 2292 1582 2322 im
1605 2289 1711 2321 rothen

325 2344 434 2376 Meere.
476 2346 585 2378 Berlin.
609 2348 692 2379 1834..
716 2351 743 2379 li.
