1986 2679
842 265 1090 302 -554-

328 370 534 407 Animal:
562 369 738 417 ignotum.

329 431 683 468 Habitaculum:
711 429 885 465 Oceanus
911 428 1091 466 indicus?

329 517 452 554 Unum
479 515 590 566 hujus
618 516 776 566 speciei,
812 521 854 553 ut
881 517 1015 560 credo,
1042 528 1183 561 novae,
1223 517 1414 565 exemplar
1441 526 1584 551 mecum
1611 525 1709 550 com-

232 578 432 615 municavit
458 578 525 614 cel.
565 577 793 626 Ruppen,
833 578 896 626 qui
924 578 1022 615 idem
1050 583 1173 615 autem
1200 590 1273 615 non
1310 577 1392 626 ipse
1425 575 1572 625 reperit.
1624 575 1711 611 Hoc

231 640 418 689 specimen
443 640 592 688 longum
620 645 677 675 est
703 639 772 687 472
803 641 908 689 poll..
946 645 983 676 et
1010 640 1046 676 in
1083 639 1261 676 diametro
1289 638 1421 675 minori
1447 638 1472 673 2
1499 638 1584 686 poll.
1610 637 1635 673 2
1662 656 1712 663 —-

230 700 254 737 3
281 702 343 737 lin.
369 701 489 737 habet.
541 699 668 736 Primo
695 693 873 749 adspectu
893 700 1010 736 forma
1035 698 1148 748 hujus
1174 700 1359 748 polyparii
1387 711 1553 747 magnam
1581 695 1710 733 simili-

231 762 397 798 tudinem
424 763 532 798 habet
560 774 642 798 cum
677 761 783 797 icone
814 762 996 810 pessima,
1032 774 1140 810 quam
1168 761 1235 797 cel.
1262 760 1528 796 Blainville
1554 758 1592 794 in
1622 756 1712 794 Dic·

230 823 318 859 tion.
357 823 423 859 des
460 823 602 859 Scienc.
634 828 708 859 nat.
746 823 942 860 Planches.
986 823 1081 859 Vers
1109 828 1146 859 et
1182 822 1410 871 Zoophytes.
1458 819 1711 869 (Polypaires.

229 883 489 934 Madrepores)
531 885 621 921 'l'ab.
647 885 710 923 82.
746 885 791 921 F.
820 884 856 922 3.
883 886 951 922 sub
978 885 1126 921 nomine
1165 885 1336 933 Fungiae
1363 882 1554 920 limacinae
1595 881 1709 918 dedit.

231 945 324 981 Cum
363 946 480 995 priori
515 947 640 996 specie
677 948 767 983 haec
805 952 931 984 nostra
970 960 1118 996 quoque
1156 959 1248 983 nova
1285 946 1323 982 in
1356 944 1483 982 multis
1522 942 1706 980 convenit.

231 1006 366 1043 Forma
393 1008 522 1044 eadem
550 1014 626 1053 est,
665 1009 731 1045 sed
760 1010 849 1046 haec
883 1022 977 1046 nova
1013 1009 1159 1058 species
1198 1007 1346 1044 brevior
1383 1009 1560 1055 apparet,
1598 1016 1712 1053 supra

231 1068 432 1105 convexior
458 1074 495 1105 et
520 1069 557 1106 in
585 1070 706 1106 medio
738 1071 925 1120 polyparii
953 1083 1025 1107 non
1053 1071 1184 1107 eodem
1218 1068 1327 1105 modo
1360 1073 1534 1115 angusta:
1572 1065 1611 1102 in
1637 1077 1711 1102 uno

230 1129 305 1166 fine
346 1143 493 1179 quoque
531 1133 723 1181 paululum
762 1133 869 1169 latior
904 1138 981 1176 est,
1020 1145 1128 1181 quam
1152 1130 1192 1167 in
1226 1131 1351 1167 altero.
1403 1129 1539 1165 Sulcus
1566 1126 1712 1164 medius

230 1192 505 1240 longitudinalis
533 1198 571 1229 et
607 1195 798 1242 elongatus
833 1194 872 1230 in
899 1207 973 1230 uno
1007 1199 1137 1230 tenore
1165 1205 1184 1228 a
1212 1204 1300 1229 cavo
1340 1190 1462 1227 medio
1500 1189 1547 1226 ad
1580 1188 1711 1225 finium

230 1253 413 1301 margines
441 1267 573 1291 versus
601 1256 837 1303 protrahitur,
864 1256 915 1292 ita
943 1260 983 1292 ut
1011 1255 1135 1290 sulcus
1162 1253 1224 1290 ille
1252 1265 1366 1289 unum
1393 1256 1534 1288 tantum
1561 1255 1599 1287 et
1625 1261 1712 1286 con-

234 1313 378 1351 tinuum
406 1328 536 1352 cavum
565 1316 724 1361 efficiat,
752 1329 873 1364 neque
902 1328 989 1352 vero
1016 1316 1191 1352 nonnulla
1217 1327 1323 1358 cava,
1351 1326 1467 1363 quae,
1495 1318 1536 1350 ut
1561 1312 1600 1349 in
1626 1323 1712 1361 spe-

231 1376 286 1411 cie
313 1376 517 1426 superiori,
556 1378 711 1413 lamellis
738 1377 957 1426 quibusdam
985 1378 1028 1413 ab
1056 1382 1229 1424 utroque
1247 1377 1363 1412 latere
1390 1388 1430 1412 se
1467 1372 1712 1423 contingenti-

230 1437 319 1481 bus,
359 1436 524 1486 sejuncta
563 1444 660 1475 sunt.
698 1460 748 1465 —-
796 1439 1043 1475 Lamellarnm
1082 1437 1199 1473 forma
1239 1442 1277 1473 et
1314 1450 1446 1474 cursus
1488 1441 1525 1473 et
1563 1435 1712 1472 diversa

231 1499 386 1536 altitudo
423 1500 554 1536 eodem
593 1501 673 1536 fere
700 1500 828 1543 modo,
866 1505 907 1536 ut
940 1500 978 1534 1'n
1014 1498 1139 1547 specie
1178 1497 1361 1547 superiori
1388 1510 1429 1534 se
1462 1498 1605 1534 habent.
1667 1495 1712 1531 In

230 1566 391 1609 utroque
430 1561 545 1597 latere
583 1565 706 1597 autem
742 1562 967 1598 lamellarum
1008 1560 1174 1603 illarum,
1220 1572 1311 1608 quas
1353 1559 1453 1596 tertii
1494 1557 1635 1594 ordinis
1672 1555 1711 1592 in

230 1623 414 1672 superiori
451 1623 575 1672 specie
612 1623 828 1672 designavi,
866 1621 903 1657 in
933 1622 984 1658 H.
1013 1621 1204 1671 Ruppellii
1232 1621 1381 1670 saepius
1417 1620 1509 1656 aliae
1545 1618 1603 1655 his
1642 1618 1706 1654 hu-

231 1685 411 1730 miliores,
453 1685 643 1722 breviores
689 1689 798 1732 atque
837 1683 958 1719 minus
1001 1684 1172 1719 evolutae
1209 1683 1328 1718 adhuc
1367 1686 1404 1717 et
1441 1680 1546 1729 quasi
1589 1678 1711 1728 quarti

231 1746 371 1783 ordinis
411 1752 598 1795 apparent.
658 1745 799 1781 Dentes
838 1745 1065 1780 lamellarum
1103 1743 1224 1780 minus
1261 1743 1449 1790 regulares
1481 1746 1569 1778 sunt
1601 1753 1710 1789 quam

231 1808 269 1844 in
296 1808 348 1843 H.
380 1807 649 1854 Ehrenbergii‚
687 1806 795 1842 etiam
836 1818 908 1841 non
944 1810 1016 1840 tam
1057 1804 1142 1840 elati
1176 1810 1213 1840 et
1246 1804 1348 1853 apice
1389 1803 1504 1852 magis
1539 1801 1710 1847 truncati,

231 1868 447 1918 saepissime
475 1868 577 1916 quasi
605 1868 726 1912 laceri,
754 1867 952 1911 tenuiores,
980 1874 1016 1902 et
1042 1867 1182 1916 apicem
1211 1879 1342 1903 versus
1362 1866 1551 1912 muricati3
1579 1866 1709 1903 dentes

231 1931 456 1967 lamellarum
484 1929 582 1966 tertii
610 1929 750 1965 ordinis
788 1928 976 1965 tenuiores
1004 1934 1091 1965 sunt
1124 1929 1215 1973 illis,
1254 1929 1402 1978 saepius
1432 1928 1528 1965 inter
1555 1941 1596 1964 se
1623 1940 1709 1964 con-

225 1991 346 2040 juncti
374 1996 410 2026 et
446 1990 550 2039 quasi
590 1990 782 2026 reticulati.
815 2010 863 2017 -—
900 1989 1019 2025 Etiam
1053 1989 1186 2038 pagina
1222 1990 1395 2033 inferior,
1434 1989 1549 2037 magis
1587 1994 1709 2025 tamen

233 2065 401 2095 concava,
428 2053 463 2088 in
492 2052 636 2097 ceteris,
665 2065 698 2088 v.
723 2065 757 2100 g.
784 2051 880 2099 quod
908 2051 952 2087 ad
981 2052 1190 2088 aculeorum
1211 2051 1373 2086 habitum
1393 2050 1533 2095 attinet,
1561 2050 1708 2086 omnino

232 2127 312 2150 cum
341 2115 468 2150 eadem
496 2114 628 2163 pagina
663 2114 698 2150 in
733 2112 859 2161 specie
894 2113 1076 2162 superiori
1105 2112 1288 2161 descripta
1315 2112 1497 2148 convenit.
1523 2132 1571 2138 —-
1598 2111 1708 2147 color

231 2175 414 2224 polyparii
435 2176 549 2211 albus.
564 2197 605 2201 —
627 2175 684 2211 Ex
703 2174 872 2210 omnibus
890 2174 947 2210 his
967 2173 1286 2211 observationibus
1305 2179 1415 2223 patet,
1434 2175 1526 2210 hanc
1544 2179 1705 2210 nostram

232 2236 391 2285 speciem
411 2237 570 2273 maxime
589 2236 743 2273 similem
764 2248 845 2272 esse
862 2235 979 2285 priori
997 2235 1154 2285 speciei:
1181 2236 1316 2272 dubius
1333 2240 1452 2272 tamen
1472 2248 1564 2281 sum,
1583 2240 1707 2272 utrum

232 2298 274 2333 ad
306 2298 372 2333 hoc
397 2311 524 2346 genus,
551 2312 594 2336 an
622 2299 666 2335 ad
694 2298 867 2347 superius
895 2298 1088 2347 pertineat.
