1986 2679
864 269 1112 306 -42-

249 371 293 406 In
320 373 524 418 systemate
551 368 763 404 animalium
788 367 946 404 naturali
968 372 1090 404 autem
1117 368 1207 403 haec
1224 367 1418 416 Zoophyta
1437 374 1585 417 cognata
1610 382 1724 419 prope

249 444 290 467 se
317 430 547 480 disponenda
575 435 671 475 sunt,
699 429 809 466 simili
837 428 985 466 circiter
1011 429 1137 474 modo,
1167 434 1206 466 ut
1234 429 1400 466 Liinaces
1428 434 1464 466 et
1488 430 1644 466 Helices
1669 432 1726 468 in-

250 497 307 528 ter
333 491 606 540 Gasteropoda,
633 495 674 527 ut
700 489 836 538 Sepiae
863 494 900 525 et
928 489 1140 538 Octopodes
1167 495 1278 539 atque
1311 491 1500 528 Eledonae
1526 492 1622 528 inter
1656 493 1726 528 Ce-

251 551 465 600 phalopoda.
517 551 683 588 Actiniae
710 551 807 587 inter
843 550 1023 599 parietem
1057 555 1352 598 tegumentorum
1390 557 1629 588 externorum
1668 552 1724 588 in-

252 621 396 650 ternum
433 619 543 661 atque
592 612 837 648 ventriculum
884 611 1015 647 multas
1054 611 1208 647 laminas
1253 614 1544 650 membranaceas
1583 614 1726 658 habent,

250 686 344 723 quae
370 675 526 711 fortasse
549 672 625 721 jam
653 673 806 709 lamellis
833 672 907 709 illis
935 672 1106 708 calcareis
1132 672 1170 708 in
1197 674 1395 722 superficie
1421 675 1606 723 polyparii
1625 674 1726 710 Fun-

250 734 391 783 giarum
418 735 652 783 respondent.
678 734 786 770 Basis
815 738 863 777 (s.
889 733 1020 782 pagina
1037 733 1202 779 inferior,
1224 735 1373 782 planum
1394 735 1569 779 inferius>
1593 736 1727 779 scabra,

250 797 439 843 granulata
458 797 517 832 vel
543 795 717 832 muricata
734 794 1012 844 polypariorum
1039 794 1076 829 in
1103 795 1288 831 nonnullis
1311 795 1458 844 quidem
1485 797 1615 832 horum
1634 796 1727 831 Zoo-

250 858 450 906 phytorum
482 857 696 906 speciebus,
724 862 765 893 ut
792 856 880 893 mihi
907 855 1073 900 videtur,
1100 861 1187 892 tunc
1213 856 1371 904 primum
1400 856 1512 904 magis
1540 856 1727 905 magisque

250 931 407 956 concava
424 919 558 964 evadit,
583 924 776 967 postquam
797 917 968 967 juniores
995 931 1015 954 a
1041 918 1251 966 pedunculo
1278 917 1464 966 sejunctae
1491 923 1729 967 apparent.—-

349 980 414 1016 Uti
435 979 513 1028 jam
539 979 697 1023 scimus,
737 979 945 1016 occulatiss.
984 979 1264 1027 Ehrenberg
1298 979 1395 1015 inter
1421 978 1727 1016 Zoocorallia

253 1041 569 1088 Polyactinia
598 1043 643 1085 ¹¹)
678 1040 872 1076 Familiam
907 1039 1233 1086 Funginorum
1272 1040 1418 1087 posuit,
1456 1052 1610 1088 quacum
1638 1051 1724 1076 con-

248 1101 376 1149 junxit
401 1113 536 1149 genera
563 1100 858 1149 Trocliopsis
886 1105 1004 1148 (spec.
1033 1100 1220 1145 fossiles),
1247 1100 1585 1144 Turbinaliae,
1612 1101 1726 1147 Cyc-

250 1162 458 1204 lolithae,
485 1161 844 1210 Polyphylliae‚
873 1160 1192 1208 Haliglossae
1227 1165 1263 1196 et
1288 1161 1511 1209 Fungiae.
1548 1160 1725 1209 Ejusdem

254 1222 431 1259 Familiae
456 1223 684 1259 characteres
712 1222 815 1258 dedit
842 1227 1067 1270 sequentes:

349 1283 582 1331 Fungina:
620 1283 786 1332 Corpore
813 1283 954 1326 libero,
993 1283 1095 1318 intus
1121 1282 1280 1331 lapidem
1306 1289 1528 1329 generante,
1567 1282 1727 1319 solitario

254 1350 316 1381 aut
342 1345 576 1393 gemmiparo,
602 1357 789 1393 nunquam
816 1350 948 1393 sponte
974 1344 1140 1380 dividuo.

354 1407 566 1443 Secundum
604 1412 770 1443 nostrum
809 1406 1039 1455 propositum
1073 1406 1112 1441 in
1139 1406 1205 1441 hac
1243 1402 1547 1440 commentatione
1587 1408 1727 1440 tantum

256 1468 301 1504 de
329 1467 522 1516 speciebus
559 1480 738 1516 generum
778 1467 945 1515 Fungiae
972 1472 1009 1502 et
1034 1466 1300 1515 Herpolithae,
1327 1466 1563 1509 Eschsch„
1590 1477 1617 1500 s,
1646 1465 1724 1501 Ha-

257 1528 449 1576 liglossae,
475 1529 678 1573 Ehrenb,
705 1528 893 1576 speciatim
921 1540 1080 1575 agamus.

374 1672 375 1675 Ἴ
477 1625 572 1662 Gen.
599 1624 803 1673 Fungia,
830 1624 973 1669 Lam.‚
1001 1624 1200 1660 Ehrenb.
1229 1624 1485 1674 (Pilz-Stern).

355 1687 594 1723 Characteres
621 1687 663 1722 ab
691 1685 1015 1733 Ehrenbergio
1041 1685 1234 1734 propositi:
1260 1686 1431 1723 Solitaria
1455 1687 1727 1732 (monostoma)‚

259 1749 366 1784 dorso
392 1750 501 1797 plano
528 1754 590 1784 aut
616 1760 795 1792 concavo,
822 1747 994 1796 ovipara,
1020 1747 1140 1783 rarius
1167 1748 1412 1796 gemmipara‚
1440 1759 1625 1795 nunquam
1654 1752 1729 1782 sto·

257 1808 411 1844 lonifora
439 1809 542 1852 (hinc
568 1808 800 1852 disciformis,
828 1815 891 1844 aut
917 1807 1221 1856 hemisphaerica,
1248 1814 1310 1844 aut
1337 1808 1487 1850 conica).
1508 1829 1556 1834 ——

358 1869 501 1905 Animal
528 1869 869 1919 (monogastricum)
906 1870 1110 1906 ventriculo
1138 1869 1313 1918 simplici,
1352 1869 1553 1904 secundum
1589 1867 1728 1904 Esch-

260 1931 453 1966 scholtz.

367 2017 430 2066 Sp.
469 2020 501 2054 1.
540 2016 720 2064 Fungia
755 2015 1131 2063 agaricisormis,
1171 2015 1289 2052 Lam.
1318 2014 1502 2062 (Typus).
1541 2013 1629 2049 'Pab.
1667 2012 1728 2048 lv.

260 2081 340 2128 Fig.
370 2080 503 2116 1-4.

264 2240 308 2278 ¹¹)
332 2241 427 2279 HuJus
452 2235 560 2269 T'ribus
592 2238 785 2268 characteres
807 2240 892 2267 sunt:
925 2235 1068 2273 Corporis
1091 2233 1185 2264 radiis
1213 2234 1340 2264 internis
1367 2232 1560 2270 externisque
1583 2230 1659 2260 ultra
1682 2230 1727 2260 12.

340 2291 490 2330 (Ovipara
520 2294 570 2322 aut
599 2291 688 2321 etiam
716 2289 901 2329 gemmipara
924 2291 954 2318 et
974 2294 1067 2325 saepe
1096 2288 1205 2324 sponte
1234 2284 1362 2315 dividua.
1405 2283 1545 2313 Gemmae
1573 2282 1726 2313 rarissime

342 2342 515 2381 deciduae).
