1986 2679
849 256 1097 294 -53-

237 362 579 411 Novempollicaris‚
605 361 780 407 oblonga,
807 368 990 400 convexa,
1017 356 1148 392 subtus
1175 366 1334 391 concava
1360 359 1398 391 et
1424 353 1613 399 echinata,
1640 364 1717 389 me·

237 425 298 461 dia
325 425 460 462 leviter
485 423 691 467 constricta,
721 419 877 458 lamellis
902 417 1180 468 inaequalibuS,
1206 416 1350 453 ruditer
1377 414 1718 465 dentato-spinosis,

238 486 398 523 nonullis
425 484 671 527 radiantibus,
710 483 898 520 stellarum
925 481 1022 518 serie
1060 480 1235 529 utrinque
1274 479 1487 528 subaequali
1516 483 1718 528 (protosto—

239 557 335 584 mate
361 546 514 589 medio).

338 608 484 657 Fungia
511 608 677 644 echinata
703 606 864 656 (Fongie
892 604 1098 654 herissee);
1125 605 1180 640 Le
1217 604 1346 652 Regne
1385 602 1539 647 animal,
1577 613 1644 651 par
1671 600 1719 638 G.

242 668 1035 718 euvier.Zoophytes.Livrais.5.'.1¹ab
1053 666 1116 702 82.
1142 666 1186 702 F.
1204 666 1240 701 2.
1267 665 1356 702 Icon
1383 665 1531 712 elegans
1557 663 1720 750 quidem,

241 730 436 767 mediocris
462 735 596 767 autem.

338 793 383 828 In
410 792 582 829 Linnei
609 791 834 840 Systematis
862 796 1014 827 naturae
1042 789 1206 826 editione
1234 789 1376 826 decima
1401 787 1510 825 tertia
1528 787 1618 823 haec
1636 798 1722 835 spe-

242 855 314 889 cies
342 866 408 902 pro
436 854 615 891 varietate
642 854 812 903 Fungiae
852 853 1118 902 agariciformis
1163 853 1285 889 habita
1318 854 1385 888 est.
1412 871 1460 877 —
1500 848 1724 897 Madrepora

244 915 420 960 echinata,
460 915 657 965 Esperi‚
697 917 798 953 nullo
826 916 933 952 modo
961 915 1005 952 ad
1034 916 1126 951 hanc
1153 914 1337 963 speciem,
1375 912 1441 949 sed
1467 911 1512 947 ad
1539 909 1724 957 Fungiam

244 977 536 1023 agariciformem
563 978 761 1015 referenda
788 984 917 1014 est.—

343 1039 449 1076 Haec
477 1045 601 1077 nostra
628 1040 776 1089 speeies
803 1053 823 1077 a
850 1041 964 1077 celeb.
992 1039 1085 1076 viris
1124 1038 1401 1084 Ehrenberg
1441 1039 1478 1071 et
1516 1032 1721 1082 Riippell

243 1100 280 1135 in
308 1100 399 1135 mari
426 1100 537 1136 rubro
564 1101 831 1149 reperiebatur.
883 1102 997 1138 Plura
1035 1099 1240 1149 specimina
1265 1099 1304 1135 in
1331 1098 1465 1135 Museo
1499 1093 1726 1132 Francofur-

243 1162 339 1198 tensi
368 1161 456 1198 vidi.
508 1162 633 1199 Unum
662 1164 853 1212 exemplar
881 1162 1162 1199 benevolentiae
1188 1158 1436 1209 Ruppellii
1470 1157 1597 1194 debeo.
1649 1155 1727 1191 Cel.

245 1223 379 1271 Quoy
406 1228 442 1259 et
468 1223 692 1261 Gaimard
709 1227 757 1270 21)
785 1225 938 1261 eandem
966 1224 1127 1273 speciem
1155 1223 1193 1260 in
1221 1221 1410 1258 vicinitate
1436 1219 1580 1255 insulae
1598 1217 1728 1254 Novae

247 1284 419 1320 Guineae
456 1284 684 1333 colligebant.
748 1285 895 1321 Animal
921 1298 942 1321 a
968 1286 1069 1321 nullo
1107 1285 1238 1321 horum
1277 1289 1430 1320 naturae
1469 1284 1727 1322 scrutatorum,

247 1351 423 1393 quantum
452 1346 546 1391 scio,
573 1347 808 1383 observatum
836 1352 903 1383 est.
928 1368 976 1374 —
1013 1347 1236 1389 Maximum,
1264 1345 1362 1394 quod
1389 1344 1427 1380 in
1454 1354 1583 1380 museo
1609 1341 1729 1377 Fran—

248 1407 450 1443 cosurtensi
487 1407 707 1456 disquisivi,
731 1408 969 1445 individuum
1009 1409 1058 1444 10
1092 1408 1176 1457 poll.
1215 1408 1365 1455 longum
1393 1409 1460 1442 est.
1520 1402 1730 1453 specimen,

250 1468 347 1516 quod
375 1467 456 1517 ipse
485 1469 670 1517 possideo,
697 1469 965 1518 longitudinem
993 1468 1018 1504 6
1045 1470 1128 1517 poll.
1155 1469 1275 1512 habet,
1303 1472 1339 1504 et
1365 1466 1514 1503 minima
1550 1463 1718 1513 ejusdem

250 1529 452 1566 diametrus
479 1534 536 1566 est·
561 1530 586 1565 2
615 1531 701 1579 poll.
727 1530 852 1567 4-5
879 1531 1004 1567 lin.—

348 1618 460 1653 Acel.
487 1617 767 1664 Ehrenberg
793 1617 888 1653 duae
915 1616 1027 1666 hujus
1041 1617 1180 1666 speciei
1195 1616 1374 1665 elegantis
1390 1614 1572 1662 facileque
1600 1609 1732 1648 distin—

250 1678 419 1726 guendae
446 1683 592 1715 notatae
619 1683 706 1714 sunt
733 1678 950 1723 varietates,
988 1691 1121 1727 nempe
1152 1678 1191 1723 l)
1218 1677 1410 1726 polysto
1423 1687 1506 1718 ma,
1533 1671 1669 1710 osculis
1695 1669 1731 1715 6,

253 1747 288 1774 et
314 1740 358 1783 2)
387 1741 685 1789 platystoma‚
712 1740 848 1776 osculis
876 1740 922 1786 3,
949 1740 1178 1789 singulorum
1206 1736 1361 1775 lamellis
1387 1735 1510 1771 41.—

351 1800 566 1849 Specimen,
606 1800 705 1848 quod
733 1801 950 1849 disquisivi,
988 1801 1025 1837 in
1055 1800 1189 1850 pagina
1221 1797 1406 1848 superiori
1432 1808 1564 1846 parum
1590 1799 1732 1831 tantum

255 1873 462 1898 convexum
503 1867 674 1910 apparet,
721 1863 830 1910 paulo
869 1862 1074 1898 convexius
1113 1862 1151 1898 in
1189 1861 1312 1898 medio
1348 1872 1455 1909 quam
1496 1858 1534 1894 in
1573 1862 1733 1904 utroque

252 1923 336 1958 fine.
398 1923 565 1960 Medium
592 1936 721 1959 cavum
758 1924 966 1972 elongatum
994 1930 1032 1960 et
1058 1924 1103 1961 ad
1140 1928 1339 1971 utrumque
1377 1921 1457 1957 fere
1497 1920 1609 1955 finem
1646 1929 1732 1966 pro—

258 1985 420 2029 ductum,
447 1986 485 2021 in
511 1985 582 2021 tria
609 1985 713 2033 quasi
741 1997 828 2021 cava
864 1993 1073 2034 separatum
1101 1991 1177 2030 est,
1218 1985 1256 2021 in
1283 1983 1444 2020 centrale
1471 1992 1604 2029 nempe
1631 1983 1668 2014 et
1693 1978 1732 2013 in

256 2047 329 2082 duo
357 2046 531 2082 lateralia.
583 2045 754 2081 Centrale
782 2057 911 2082 cavum
939 2053 1060 2082 autem
1088 2045 1244 2082 lamellis
1278 2044 1441 2086 duabus,
1479 2053 1633 2090 quarum
1662 2050 1734 2075 una

256 2108 293 2143 in
321 2113 480 2157 utroque
506 2108 621 2143 latere
655 2112 736 2148 est,
775 2112 812 2143 et
838 2120 995 2155 quarum
1023 2107 1205 2155 margines
1245 2104 1380 2141 interni
1420 2115 1461 2139 se
1499 2100 1733 2149 contingunt,

256 2182 276 2205 a
303 2169 404 2205 cavis
440 2168 653 2205 lateralibus
693 2167 912 2217 sejungitur.
978 2170 1118 2205 Gavum
1161 2167 1251 2204 illud
1294 2166 1489 2213 oblongum
1527 2170 1564 2198 et
1600 2173 1732 2211 parum

260 2300 307 2337 ²¹)
330 2300 434 2339 Regno
457 2301 585 2340 animal,
617 2303 647 2332 in
669 2302 687 2331 l.
710 2302 728 2332 l.
750 2302 806 2333 Hic
827 2302 927 2334 adhuc
949 2303 1071 2333 dicitur:
1106 2301 1145 2332 M.
1174 2298 1405 2338 Ehrenberg
1433 2297 1461 2329 le
1484 2305 1580 2336 range
1608 2295 1682 2327 dans
1706 2296 1731 2325 le

336 2360 430 2391 genre
452 2352 704 2392 Haliglossa‚
727 2358 924 2392 comprenant
946 2354 990 2386 les
1010 2353 1141 2392 Fongies
1164 2351 1345 2391 aggregees.
