1986 2679
852 261 1101 297 -16-

241 376 334 408 rum,
361 363 492 399 iisdem
512 360 714 398 rationibus
741 359 924 402 commoti,
950 359 1150 409 praecipue
1164 360 1366 409 Polyparia
1381 361 1712 408 (Goranenstocke)

237 425 494 474 respiciebant,
520 435 641 472 neque
668 434 757 459 vero
784 421 930 458 illorum
956 420 1093 457 incolas
1119 421 1165 457 iis
1192 421 1374 470 proprios,
1400 421 1521 458 minus
1538 422 1714 470 cognitos.

237 484 459 522 Novissimis
486 483 647 533 primum
666 482 893 532 temporibus
922 483 1031 518 etiam
1057 483 1344 532 Polypariorum
1371 483 1540 521 animalia
1565 495 1713 521 accura-

237 546 312 583 tius
347 547 492 594 cognita
532 550 635 589 sunt,
677 550 715 581 et
750 549 902 580 naturae
937 549 1160 580 scrutatores
1187 544 1416 581 celeberrimi
1449 543 1629 581 Cuvier-
1650 546 1714 589 ³²),

237 607 562 655 Schweigger,
588 606 805 654 Rapp³³)‚
834 604 1182 648 Blainville³⁴)‚
1216 604 1518 653 Ehrenberg,
1543 604 1713 641 Millne

235 668 465 705 Edwards
483 669 545 711 ³⁵),
572 667 645 711 alii,
671 667 951 715 Zoophytorum
970 678 1106 714 genera
1123 665 1160 701 in
1181 664 1347 701 ordinem
1374 665 1489 714 magis
1506 665 1711 701 naturalem

236 729 454 777 redigebant
469 733 515 773 et,
531 733 707 777 quantum
728 726 811 763 fieri
826 726 958 775 potuit,
984 725 1154 762 animalia
1168 725 1410 762 Coralliorum
1426 737 1627 774 eorumque
1654 738 1713 763 or-

236 789 502 839 ganisationem
546 788 730 824 diversam
757 787 803 823 ad
836 788 934 823 hunc
964 787 1076 823 finem
1112 786 1328 834 diligentius
1362 786 1712 824 animadvertebant.

236 851 346 888 Haec
374 850 569 887 methodus
596 850 676 886 sine
704 849 816 885 dubio
842 847 1046 885 certissima
1071 853 1195 884 autem
1213 853 1250 884 et
1264 853 1417 885 naturae
1434 847 1624 897 aptissima
1642 852 1710 891 est,

234 918 277 949 ut
309 912 455 948 illorum
491 910 701 948 distributio
736 915 889 946 naturae
937 908 1052 956 magis
1090 908 1316 945 conveniens
1342 908 1528 953 firmetur,
1566 907 1604 944 in
1638 920 1709 956 qua

233 973 383 1022 quidem
403 973 512 1009 etiam
531 971 817 1021 Polypariorum
836 975 966 1007 natura
992 975 1029 1006 et
1055 969 1202 1006 habitus
1228 982 1300 1007 non
1327 970 1474 1006 omnino
1500 967 1711 1018 negligendi

233 1040 329 1072 sunt

336 1096 381 1132 In
408 1094 621 1144 Polypariis
648 1095 785 1130 multae
810 1094 907 1130 enim
929 1093 1208 1142 conspiciuntur
1240 1091 1486 1136 diversitates,
1512 1096 1585 1126 tam
1611 1089 1710 1138 quod

237 1158 283 1195 ad
308 1169 435 1193 eorum
461 1155 637 1199 habitum,
663 1167 771 1202 quam
793 1154 892 1202 quod
919 1154 965 1189 ad
992 1165 1118 1190 eorum
1147 1158 1367 1190 structuram
1394 1158 1432 1189 et
1454 1150 1709 1188 formationem

232 1218 406 1268 pertinet.
470 1216 630 1251 Formae
666 1214 900 1250 diversitates
938 1213 999 1249 hic
1034 1213 1336 1262 praetermittam.
1397 1212 1549 1249 Illorum
1587 1216 1710 1247 autem

237 1284 422 1316 structura
449 1283 506 1313 est
532 1282 595 1313 aut
620 1274 895 1324 gelatinosa
930 1275 989 1310 vel
1025 1274 1342 1310 membranosa
1380 1272 1435 1318 (in
1460 1284 1544 1320 gen.
1569 1271 1711 1308 Crista-

236 1341 356 1385 tellae,
383 1339 625 1376 Plumatellae
638 1350 669 1374 e.
680 1340 742 1385 g.)‚
769 1335 957 1384 autmagis
971 1346 1165 1371 carnosa
1192 1339 1290 1382 (mg.
1304 1333 1339 1369 in
1351 1345 1433 1381 gen.
1451 1332 1705 1374 Ammotheae,

238 1401 392 1445 Xeuiae,
414 1400 645 1444 Lobulariae‚
658 1399 731 1435 imo
744 1399 782 1434 in
798 1397 1142 1434 Pennatulariorum
1156 1408 1184 1432 s.
1195 1394 1482 1443 Halopteridum
1498 1391 1708 1441 generibus,

231 1462 269 1499 in
312 1475 466 1511 quorum
519 1466 640 1498 tamen
678 1459 806 1508 stipite
826 1457 904 1507 jam
931 1457 1165 1507 pedunculus
1201 1456 1385 1492 calcareas
1414 1459 1461 1498 (s,
1487 1452 1706 1495 ossiculum)

234 1523 400 1559 inclusus
426 1528 492 1566 est,
518 1527 582 1558 aut
608 1533 775 1558 cornea
803 1520 858 1563 (in
885 1532 967 1567 gen.
992 1517 1229 1560 Sertulariae,
1257 1515 1469 1564 Gorgoniae
1496 1526 1527 1550 e.
1552 1521 1617 1561 g.),
1643 1519 1708 1549 aut

238 1583 545 1630 cartilaginea
572 1586 712 1628 atque
739 1578 1011 1616 alternatim
1047 1579 1260 1613 calcarea
1286 1577 1340 1622 (in
1366 1587 1448 1624 gen.
1475 1574 1617 1618 Isidis),
1643 1580 1707 1610 aut

232 1656 425 1693 prorsus
441 1643 652 1679 calcarea
669 1640 724 1684 (in
743 1638 1059 1687 gen.'l'ubiporae,
1072 1638 1292 1685 Reteporae,
1311 1634 1709 1683 Milleporae,Corallii,

232 1705 269 1741 in
292 1703 576 1752 Madreporinis‚
603 1702 665 1744 al.)
689 1706 726 1737 et
747 1706 835 1736 tunc
864 1700 925 1735 vel
946 1699 1127 1743 tubulosa,
1152 1697 1353 1740 reticulata,
1380 1696 1556 1732 cellulosa
1580 1699 1618 1731 et
1642 1707 1708 1744 po-

235 1777 317 1801 rosa
344 1766 403 1799 vel
429 1765 537 1812 plane
564 1762 720 1811 lapidea.
744 1781 793 1788 —
820 1781 868 1787 —

334 1823 654 1867 Quemadmodum
682 1821 1080 1859 distributionem
1119 1819 1330 1857 animalium
1369 1817 1517 1854 omnino
1554 1823 1707 1853 naturae

234 1891 456 1923 scrutatores
469 1883 618 1920 maximi
640 1888 676 1920 et
693 1883 902 1931 gravissimi
916 1882 1089 1920 momenti
1110 1894 1203 1926 esse,
1225 1885 1323 1917 recte
1335 1884 1495 1923 censent,
1509 1878 1548 1915 id
1561 1890 1708 1927 quoque

236 1948 364 1984 eodem
401 1946 508 1982 modo
540 1944 577 1981 in
616 1944 874 1980 distributione
916 1945 1026 1980 etiam
1064 1943 1305 1980 Coralliorum
1346 1941 1452 1976 valet.
1514 1939 1625 1988 Quod
1661 1938 1707 1974 ad

239 2107 283 2143 32)
306 2107 409 2145 Regna
431 2106 549 2137 animal.
571 2106 650 2137 Edit.
672 2105 707 2136 11.
730 2105 811 2135 Tom.
834 2104 881 2135 III.
902 2104 969 2134 Par.
984 2103 1068 2134 1830.
1088 2102 1116 2133 8.
1139 2110 1166 2140 p.
1189 2102 1255 2141 289,
1277 2110 1343 2141 sqq.

238 2159 283 2195 ³³)
306 2158 408 2189 Ueber
431 2158 478 2188 die
510 2158 647 2197 Polypen
667 2159 706 2189 im
732 2158 944 2196 Allgemeinen
965 2155 1027 2187 und
1050 2154 1098 2186 die
1126 2154 1267 2185 Actinien
1292 2149 1521 2184 insbesondere.
1564 2148 1704 2179 Weimar.

314 2209 449 2240 1829.4.

237 2260 281 2295 ³⁴)
304 2239 509 2290 Diczti011naire
532 2259 585 2290 des
609 2260 657 2290 Sc.
679 2263 776 2290 natur.
798 2260 880 2290 Tom.
901 2259 947 2289 60.
970 2261 1000 2289 et
1021 2257 1157 2296 ejusdem
1178 2254 1387 2293 Actiniologie.

238 2310 285 2349 ³5)
308 2311 466 2341 L'Institut.
490 2311 573 2342 Tom.
595 2312 629 2342 V.
654 2311 737 2342 1837.
760 2311 808 2342 sol.
830 2319 876 2342 nr.
896 2310 962 2341 212.
983 2318 1012 2349 p.
1036 2309 1100 2339 178.
