1986 2679
864 279 1112 316 ..45-

248 364 356 403 diam.
383 379 478 405 max.
505 368 573 417 672
604 372 707 420 poll„
746 373 783 410 in
813 374 920 411 diam.
948 377 1032 414 min.
1058 380 1082 415 5
1108 381 1194 429 poll.
1221 381 1245 417 3
1272 383 1335 419 lin.
1362 384 1506 422 habent.
1558 386 1724 434 Maximi,

247 427 345 474 quod
398 429 498 474 vidi,
550 433 772 481 exemplaris
825 434 1025 474 diametrus
1065 439 1091 475 8
1129 442 1215 489 poll.
1255 443 1337 480 fuit.
1388 445 1585 494 Specimen
1627 461 1722 486 cam-

244 489 521 535 panulaeforme
567 491 673 540 cujus
723 494 867 531 maxim.
916 497 1118 537 diametrus
1170 503 1239 551 4½
1282 506 1387 553 poll,
1435 508 1529 545 circa
1571 511 1595 544 3
1636 511 1721 559 poll.

243 548 356 584 altum
384 556 507 586 est—
526 551 772 590 Lamellarum
800 567 977 594 numerus
1003 559 1040 595 in
1068 561 1224 610 singulis
1252 566 1515 614 speciminibus
1544 582 1592 606 ex
1618 583 1720 619 mag-

247 608 417 645 nitudine
444 611 591 649 diversa
618 626 838 663 magnopere
865 619 1004 663 variat,
1042 622 1093 659 ita
1120 629 1260 673 tamen,
1287 633 1328 664 ut
1354 628 1392 664 in
1419 628 1618 678 majoribus
1644 637 1717 669 tam
1740 655 1742 657 -

243 669 419 718 majorum
444 685 550 721 quam
567 675 747 722 minorum
765 678 989 716 lamellarum
1006 683 1109 731 copia
1120 686 1260 733 copiam
1276 689 1518 737 speciminum
1536 692 1718 729 minorum

242 738 403 780 superet.
430 734 615 772 Maximae
642 742 679 773 et
705 739 820 787 magis
848 741 964 777 elatae
991 743 1156 780 lamellae
1183 758 1302 795 usque
1328 751 1373 786 ad
1393 757 1558 789 centrum
1586 766 1715 790 cavum

238 792 458 842 plerumque
485 796 639 841 radiant,
670 799 733 835 ubi
760 804 948 837 truncatae
987 803 1140 850 finiunt,
1181 808 1341 845 minores
1367 817 1489 848 autem
1517 813 1615 850 idem
1641 827 1714 853 non

238 852 347 899 plane
373 855 576 904 adtingunt.
629 859 733 895 Inter
760 861 937 898 maximas
963 865 1125 902 lamellas
1152 871 1197 912 (s.
1224 870 1333 917 primi
1368 872 1525 918 ordinis)
1551 875 1645 911 aliae
1670 876 1715 923 (s.

227 915 390 951 secundi
418 917 574 966 ordinis)
600 925 703 964 sunt⁷
731 933 824 969 quae
852 924 1050 972 marginem
1079 940 1211 964 versus
1239 931 1366 966 eadem
1394 932 1588 970 altitudine
1615 943 1711 979 sunt,

236 986 307 1020 qua
342 976 443 1020 illae,
483 985 647 1016 centrum
675 994 807 1018 versus
842 985 1027 1022 radiantes
1065 996 1188 1025 autem
1227 991 1428 1029 humilores
1464 1002 1614 1032 exeunt.
1667 997 1708 1033 In

236 1034 396 1080 minimo,
424 1037 529 1086 cujus
556 1040 698 1078 iconem
730 1043 828 1087 dedi,
856 1048 1059 1095 exemplari
1083 1051 1138 1094 ¹³),
1166 1050 1262 1087 inter
1288 1053 1354 1088 has
1381 1060 1417 1090 et
1443 1055 1524 1091 illas
1550 1057 1713 1095 lamellas

237 1095 395 1133 minores
423 1105 459 1135 et
494 1101 710 1139 humiliores
752 1106 916 1149 (minus,
956 1110 1014 1144 vel
1042 1110 1166 1157 potius
1203 1114 1364 1150 nondum
1392 1116 1482 1152 satis
1522 1119 1710 1162 evolutae)

234 1156 399 1194 lamellae
425 1162 675 1209 reperiuntur‚
702 1165 751 1201 ita
779 1172 821 1202 ut
846 1167 944 1204 inter
972 1170 1064 1206 duas
1091 1172 1273 1219 lamellas,
1302 1188 1392 1223 quas
1413 1175 1490 1224 jam
1519 1178 1710 1228 descripsi,

232 1215 389 1265 majores
417 1222 494 1265 (vel
520 1223 630 1270 primi
657 1230 694 1260 et
720 1228 871 1263 secundi
900 1230 1068 1276 ordinis),
1096 1245 1168 1269 una
1201 1235 1344 1271 lamella
1371 1236 1489 1274 minor
1515 1245 1553 1274 et
1585 1240 1709 1276 humi-

232 1276 302 1313 lior
327 1278 404 1325 (vel
431 1282 531 1318 tertii
568 1284 725 1332 ordinis)
763 1287 910 1325 intersit
949 1292 1042 1334 (vid.
1069 1293 1152 1341 Fig.
1178 1295 1241 1338 2.).
1300 1296 1466 1334 Eandem
1501 1304 1538 1335 et
1563 1300 1600 1336 in
1628 1301 1708 1337 aliis

231 1340 495 1386 speciminibus
532 1344 698 1393 ipsisque
735 1347 934 1396 majoribus
973 1353 1198 1392 lamellarum
1238 1358 1366 1394 stellae
1411 1359 1706 1398 distributionem

230 1399 435 1438 observavi.
486 1404 529 1440 In
558 1418 630 1441 uno
662 1406 791 1455 majori
822 1416 967 1457 autem,
1005 1415 1102 1462 quod
1131 1416 1348 1465 disquisivi,
1388 1422 1590 1470 exemplari
1630 1428 1705 1460 tres

230 1466 267 1494 et
292 1462 419 1509 plures
448 1464 610 1501 lamellas
637 1467 865 1516 inaequales,
892 1473 1052 1511 minores
1080 1482 1117 1512 et
1142 1477 1358 1515 humiliores
1385 1480 1482 1517 inter
1508 1495 1569 1518 eas
1595 1483 1707 1532 primi

230 1526 266 1554 et
292 1524 444 1560 secundi
472 1526 610 1562 ordinis
637 1529 776 1576 positas
805 1531 890 1567 vidi.
943 1534 1082 1571 Omnes
1109 1538 1274 1575 lamellae
1301 1553 1391 1576 vero
1420 1548 1582 1579 serratae
1608 1552 1704 1589 sunt,

227 1582 399 1619 subtilius
427 1590 547 1622 tamen
575 1588 757 1633 minores,
797 1604 904 1639 quam
933 1593 1100 1642 majores.
1157 1598 1403 1639 Lamellarum
1433 1604 1546 1640 latera
1573 1617 1703 1654 aspera

226 1649 334 1686 sunt,
374 1645 410 1680 in
449 1649 634 1684 nonnullis
661 1657 783 1686 autem
825 1654 1089 1701 speciminibus
1118 1660 1232 1695 multo
1260 1661 1382 1697 minus
1409 1675 1516 1710 quam
1545 1664 1581 1700 in
1609 1666 1701 1702 aliis.

226 1702 337 1739 Basin
368 1718 500 1742 versus
527 1709 615 1744 haec
652 1711 877 1749 lamellarum
908 1716 1019 1752 latera
1047 1725 1168 1755 autem
1198 1721 1370 1769 utrinque
1405 1724 1502 1759 serie
1540 1726 1702 1774 longitu-

225 1762 335 1799 dinali
363 1767 637 1805 tuberculorum
666 1773 826 1816 obtecta,
854 1775 988 1822 quibus
1016 1790 1127 1827 saepe
1154 1780 1319 1829 singulae
1348 1784 1511 1821 lamellae
1538 1785 1635 1823 inter
1661 1800 1701 1823 se

226 1823 340 1871 magis
367 1838 554 1864 connexae
581 1838 678 1867 sunt.
728 1833 772 1868 In
800 1834 942 1871 duobus
980 1839 1243 1886 speciminibus
1280 1844 1409 1891 plures
1436 1845 1598 1883 lamellas
1626 1860 1699 1884 ma-

218 1882 321 1930 jores
350 1887 457 1923 modo
485 1895 689 1927 monstroso
717 1899 754 1928 et
780 1906 927 1943 semper
954 1904 1094 1936 tantum
1123 1903 1322 1949 marginem
1350 1916 1471 1953 neque
1499 1919 1586 1943 vero
1614 1921 1698 1945 cen-

222 1951 316 1981 trum
347 1959 477 1984 versus
505 1958 707 1991 concretas,
737 1954 832 1990 inter
859 1969 950 2004 quas
977 1960 1070 1996 aliae
1097 1963 1262 2000 lamellae
1291 1964 1447 2013 majores
1474 1972 1511 2003 et
1534 1968 1693 2005 minoi-es

224 2072 270 2110 ¹³)
292 2074 324 2104 In
346 2076 403 2106 hoc
431 2080 606 2120 specimine,
630 2081 682 2112 ubi
704 2083 842 2115 lamellae
872 2090 1007 2118 centrum
1030 2098 1137 2120 versus
1170 2092 1345 2123 humiliores
1369 2099 1494 2133 exeunt,
1526 2098 1694 2127 crassiores

299 2127 372 2158 fiunt
394 2133 423 2159 et
445 2133 533 2169 quasi
562 2134 722 2172 crispatae.
774 2137 829 2168 Hic
851 2147 971 2178 quoque
1004 2141 1141 2170 lamellae
1164 2144 1296 2174 minores
1318 2146 1459 2185 utrinque
1482 2149 1605 2186 saepius
1628 2156 1694 2178 cum

299 2177 357 2209 illis
390 2183 621 2221 conjunguntur.
663 2186 807 2228 Credam,
838 2198 890 2221 eas
914 2191 1049 2223 lamellas
1072 2194 1198 2224 secundi
1221 2196 1335 2227 ordinis
1358 2199 1535 2230 humiliores
1558 2204 1692 2231 centrum

299 2237 405 2262 versus
427 2238 574 2273 caumes,
605 2239 718 2269 sensim
742 2248 881 2272 crescere
904 2247 932 2274 et
954 2246 1061 2283 partim
1090 2245 1210 2284 quidem
1235 2248 1362 2279 eandem
1391 2250 1577 2281 altitudinem
1600 2260 1693 2291 quam

298 2280 435 2313 lamellae
457 2287 545 2323 primi
566 2287 681 2320 ordinis
703 2290 877 2331 adtingere,
901 2304 992 2334 quum
1015 2296 1092 2326 aliae
1114 2299 1246 2329 minores
1269 2307 1365 2330 novae
1389 2305 1418 2331 el
1440 2306 1588 2333 neonatae
1611 2304 1689 2333 inter

295 2340 347 2361 eas
370 2341 514 2366 crescant.
