1986 2679
848 273 1097 309 ...52-

230 383 326 420 libus
352 391 485 418 nomen
510 374 698 427 imposuit.
760 373 913 410 Amicus
939 372 1031 410 mihi
1066 372 1404 416 Eschscholtz,
1445 371 1705 408 celeberrimus

229 442 483 493 peregrinator
508 433 620 488 atque
654 440 808 475 naturae
835 439 1036 480 scrutator,
1072 439 1110 471 et
1128 432 1207 483 jam
1234 433 1374 471 dudum
1400 432 1498 469 inter
1532 438 1707 477 mortuos,

230 504 372 554 primus
411 502 504 544 fuit,
544 500 609 550 qui
635 512 656 537 a
680 510 817 548 genere
853 496 1023 545 Fungiae
1056 495 1239 543 Fungiam
1273 495 1477 532 limacinam
1518 499 1556 530 et
1589 494 1710 543 Fung.

233 567 387 615 ‘Palpam
409 562 597 613 separavit
623 572 837 609 novumque
872 571 1011 608 genus,
1046 557 1194 594 nomine
1235 557 1550 607 Herpolitha,
1589 568 1637 593 ex
1663 556 1710 592 iis

235 625 433 664 constituit.
485 623 631 672 Fungia
654 622 773 671 Talpa
798 625 929 671 postea
955 620 995 657 in
1021 632 1160 657 novum
1187 619 1319 657 Genus
1356 619 1712 669 Polyphylliae

230 690 342 726 celeb.
369 688 534 725 virorum
562 686 703 735 Quoy
730 689 768 721 et
795 682 1013 721 Gaimard
1039 682 1214 719 translata
1240 686 1315 725 est,
1350 680 1400 717 ita
1428 686 1469 716 ut
1494 680 1640 728 Fungia
1667 679 1710 715 li-

231 751 371 789 macina
399 748 504 799 quasi
538 753 654 796 typus
680 746 782 783 illius
808 745 956 794 generis
974 743 1259 794 Herpetolithae
1287 743 1359 781 dici
1386 742 1517 793 possit,
1544 743 1615 787 cui,
1642 742 1711 778 sub

234 812 381 850 nomine
407 810 579 861 generice
606 808 941 857 Haliglossae,
976 808 1106 844 oculat.
1159 805 1436 853 Ehrenberg
1463 803 1553 840 alias
1591 803 1711 840 adhuc

232 874 376 924 species
412 872 606 922 adjunxit,
636 870 716 907 sine
752 870 863 908 dubio
900 881 1049 914 eorum,
1088 879 1182 917 quae
1216 865 1529 903 Eschscholtz
1568 865 1607 900 in
1644 866 1711 901 cel.

231 934 405 972 Okenii
430 933 531 971 Iside
549 936 805 983 proposuerat,
832 930 988 967 scientia
1005 942 1145 966 carens.
1172 927 1507 965 Aestimatissimus
1535 926 1715 963 Ehren—

232 999 344 1046 berg
371 996 484 1046 igitur
509 996 687 1044 ignoscat,
715 1006 774 1030 me
801 993 947 1030 nomine
973 991 1089 1041 priori
1115 992 1159 1028 ab
1185 989 1545 1028 Eschscholtzio
1573 989 1656 1025 dato
1677 995 1717 1024 et

239 1072 259 1094 a
286 1071 344 1095 me
370 1058 575 1102 emendato,
601 1057 727 1098 uti,—

334 1119 463 1157 Ghar.
489 1131 640 1168 gener.
668 1118 823 1156 Socialis
852 1120 1114 1168 (polystoma),
1140 1117 1251 1166 pallio
1278 1116 1427 1153 dilatato
1443 1144 1451 1160 ‚
1490 1114 1716 1157 stolonisera,

240 1181 517 1230 prolificationis
545 1181 748 1218 directione
774 1181 934 1230 duplici,
961 1185 1061 1217 recte
1088 1178 1258 1228 opposita
1284 1176 1386 1222 (hinc
1412 1177 1530 1213 forma
1564 1175 1717 1222 oblonga

235 1244 395 1292 linguam
420 1242 589 1280 referens
610 1254 650 1272 Ξ
681 1241 894 1280 Manicinae
923 1242 1089 1287 liberae).
1115 1241 1313 1277 Ehrenb-

336 1304 479 1341 Animal
524 1304 848 1354 (polygastricum)
877 1303 1092 1341 ventriculis
1119 1302 1311 1352 pluribus,
1350 1301 1553 1337 secundum
1595 1300 1719 1336 obser-

237 1368 418 1403 vationem
446 1367 511 1403 cel.
538 1367 847 1403 Eschscholtz
866 1366 924 1415 ²0).

337 1453 401 1503 Sp.
430 1453 463 1490 l.
489 1453 541 1490 H.
567 1454 913 1503 Ehrenbergii,
942 1454 1106 1490 Leuck.
1134 1448 1224 1489 Tab.
1248 1452 1296 1488 ΙΙ.

337 1515 663 1564 Polyparium:
689 1516 909 1564 0blongum,
936 1515 973 1551 in
992 1513 1113 1550 medio
1131 1525 1261 1562 parum
1280 1511 1487 1560 angustiuS,
1506 1523 1724 1555 convexum,

239 1576 392 1612 lamellis
428 1576 703 1624 inaequalibus,
741 1577 916 1624 utrinque
955 1575 1119 1624 asperis,
1158 1574 1338 1619 dentatis3
1377 1573 1549 1610 dentibus
1589 1573 1722 1608 erectis

240 1637 393 1685 magnis,
419 1637 591 1686 integris,
631 1637 796 1686 apicibus
823 1637 967 1673 obtusis
995 1635 1253 1679 denticulatis3
1280 1647 1368 1671 cavo
1396 1635 1516 1671 medio
1544 1635 1725 1682 elongato,

240 1700 283 1735 ad
323 1705 521 1748 utrumque
558 1700 639 1736 fere
665 1699 777 1736 finem
816 1698 1016 1747 producto,
1051 1697 1190 1741 diviso3
1231 1698 1360 1733 subtus
1402 1697 1459 1733 vel
1487 1697 1637 1744 planum
1666 1696 1723 1730 vel

243 1763 326 1810 plus
346 1762 514 1798 minusve
532 1773 742 1805 concavum,
769 1761 987 1798 echinatum.

343 1826 372 1861 A
385 1825 555 1862 nimalz
574 1824 750 1874 ignotum.

342 1886 693 1924 Habitaculum:
719 1887 825 1924 Mare
852 1889 1003 1925 rubrum
1032 1893 1068 1924 et
1094 1886 1310 1924 Australiae.

342 1949 459 1993 sebga
482 1948 562 1985 sine
589 1948 700 1984 dubio
726 1948 838 1997 hujus
865 1950 1004 1999 speciei
1031 1949 1173 1986 iconem
1201 1947 1302 1985 dedit
1321 1947 1540 1983 mediocrem
1560 1946 1597 1982 in
1626 1946 1726 1982 The-

247 2023 343 2047 saur.
370 2010 476 2047 Tom.
503 2010 573 2047 III.
601 2009 689 2046 ΤΗΙ).
716 2009 814 2046 CXI.
841 2010 923 2058 Fig.
949 2011 986 2046 4.
1588 2004 1590 2006 ’

345 2072 566 2121 Madrepora
593 2071 771 2115 echinata,
798 2072 913 2108 Pall.
941 2071 1092 2108 Elench.
1119 2085 1154 2121 p.
1181 2071 1271 2108 284.
1311 2072 1361 2107 Μ.
1390 2072 1549 2120 simplex
1578 2070 1724 2106 acaulis.

247 2136 378 2172 subtus
405 2133 591 2178 muricem,
616 2145 728 2183 supra
753 2133 908 2169 lamellis
937 2133 1096 2169 dentatis
1123 2133 1363 2169 scaberrimis.

321 2194 534 2244 Haliglossa
545 2194 722 2239 echinata,
738 2194 779 2231 H
788 2207 808 2231 e
819 2207 852 2231 m
863 2207 898 2243 p.
913 2199 950 2230 et
962 2194 993 2230 Ε
1005 2195 1028 2230 h
1041 2207 1057 2230 r
1068 2207 1088 2230 e
1099 2195 1163 2231 nb¹
1185 2193 1486 2231 Corallenthiere.
1500 2205 1536 2241 p.
1550 2192 1614 2227 50.
1629 2203 1682 2228 nr.
1698 2193 1728 2225 l.

253 2352 298 2389 ²⁰)
322 2353 369 2383 An
390 2354 419 2384 in
442 2352 580 2384 omnibus
603 2354 691 2393 hujus
714 2355 836 2392 generis
858 2353 1028 2392 speciebus,
1052 2362 1108 2384 neo
1130 2361 1176 2392 ne,
1198 2355 1311 2384 nescio.
