1986 2679
886 274 934 281 ..-
983 253 1133 304 57¹-

360 350 559 399 Specimen
587 351 736 388 unicum
762 358 905 388 tantum
932 358 1018 388 ante
1046 355 1172 390 oculos
1201 356 1335 399 habeo,
1375 358 1473 406 quod
1500 359 1539 395 in
1566 360 1743 399 diametro

266 412 425 448 maxima
452 413 476 449 9
503 414 588 462 poll.
615 414 695 449 fere
721 415 893 462 longum,
928 414 965 450 in
995 415 1172 452 diametro
1200 418 1284 454 min.
1310 419 1381 467 2½
1412 421 1498 470 poll.
1533 423 1645 460 latum
1680 430 1747 460 est.

261 472 345 510 Non
381 473 529 510 omnino
564 478 704 510 rectum
741 479 817 519 est,
856 475 922 511 sed
957 476 1150 525 paulisper
1176 478 1408 525 flexuosum,
1435 482 1653 531 oblongum,
1681 498 1743 522 su-

260 547 328 584 pra
356 548 564 572 convexum
592 538 665 580 ²²),
697 536 794 573 infra
822 549 1021 574 concavum
1053 544 1219 587 apparet.
1239 560 1287 567 —-
1321 541 1568 580 Lamellarum
1610 547 1744 594 positio

261 602 299 633 et
332 609 463 633 cursus
498 597 541 633 ab
576 596 740 634 omnium
774 599 926 635 aliarum
967 599 1225 647 Funginorum
1263 602 1472 651 specierum
1516 606 1588 642 huc
1628 620 1745 656 usque

258 669 279 693 a
315 669 374 694 me
410 657 677 704 descriptarum
716 659 900 707 positione
935 666 972 697 et
1010 673 1121 697 cursu
1158 661 1395 712 discrepant,
1433 678 1546 713 quum
1588 667 1744 716 majores

262 716 374 766 hujus
401 719 538 768 speciei
556 720 723 757 lamellae
750 720 979 770 interruptae
1007 722 1300 771 conspiciuntur,
1326 737 1399 761 non
1426 726 1594 774 integrae
1613 741 1743 766 cavum

259 784 297 815 et
323 780 466 815 sulcum
495 779 658 817 medium
676 793 809 819 versus
837 783 1042 820 tendentes.
1095 785 1178 821 Tali
1205 787 1313 822 modo
1340 787 1408 824 hae
1434 789 1600 826 lamellae
1629 792 1743 827 multo

258 841 447 877 breviores
474 854 582 890 quam
609 842 647 878 in
675 843 757 879 aliis
794 845 989 893 speciebus
1030 846 1227 896 descriptis
1267 848 1372 885 fiunt.
1434 850 1530 886 Tres
1558 851 1663 899 quasi
1691 853 1741 889 la-

257 903 447 939 mellarum
476 902 604 947 series,
630 903 669 940 in
697 917 778 942 meo
806 907 955 955 quidem
985 908 1201 956 specimine,
1229 909 1266 945 in
1293 916 1451 959 utroque
1478 913 1593 949 latere
1612 913 1743 950 distin-

256 963 319 1011 gui
347 969 521 1012 possunt3
561 978 633 1002 una
659 978 793 1015 nempe
828 973 1004 1012 externa,
1043 982 1062 1004 a
1092 970 1320 1018 marginibus
1347 971 1554 1020 incipiens,
1581 975 1743 1011 secunda

258 1024 381 1061 media
420 1031 457 1061 et
492 1026 625 1070 tertia,
664 1040 819 1076 quarum
860 1031 1026 1066 lamellae
1066 1037 1206 1068 tantum
1249 1032 1379 1068 eadem
1418 1033 1613 1071 altitudine
1654 1048 1742 1072 cava

257 1087 377 1122 media
404 1087 609 1135 adtingunt.
661 1089 806 1126 Harum
847 1091 1027 1127 seriei-um
1057 1094 1223 1129 lamellae
1252 1093 1436 1130 diversam
1472 1096 1741 1144 longitudinem

259 1148 410 1192 habent,
439 1153 475 1184 et
501 1148 538 1184 in
566 1161 691 1186 earum
727 1151 913 1200 positione
940 1158 977 1188 et
1005 1166 1116 1190 cursu
1147 1161 1283 1190 certam
1311 1155 1478 1191 ordinem
1506 1161 1548 1191 ut
1580 1156 1740 1199 videtur,

258 1221 330 1245 non
367 1208 492 1245 stricte
532 1215 723 1256 tenentes,
756 1211 867 1260 juxta
907 1214 1093 1262 sepositae
1134 1221 1230 1250 sunt.
1294 1216 1435 1251 Omnes
1462 1217 1530 1253 hae
1560 1218 1738 1260 lamellae,

258 1269 419 1306 maxima
451 1283 499 1306 ex
525 1276 630 1319 parte
656 1273 790 1308 leniter
817 1274 1025 1318 flexuosae,
1065 1275 1252 1311 subtiliter
1279 1276 1524 1314 denticulatae
1552 1283 1589 1314 et
1615 1280 1659 1315 ad
1688 1281 1738 1315 la—

256 1335 334 1366 tera
362 1342 515 1378 asperae
550 1337 738 1380 apparent.
788 1334 976 1370 Lamellae
1006 1341 1182 1371 externae
1212 1341 1248 1372 et
1275 1337 1418 1374 mediae
1446 1338 1559 1375 seriei
1586 1341 1735 1389 saepius

258 1391 474 1428 humiliores
500 1393 701 1429 evadentes
720 1396 860 1431 sulcum
891 1408 1024 1432 versus
1044 1397 1348 1444 longitndinalem
1368 1400 1535 1436 tendunt.
1561 1401 1647 1437 Hae
1674 1414 1738 1437 au-

257 1459 329 1488 tem
349 1453 564 1489 humiliores
587 1451 964 1505 lamellarumpartes
983 1470 1095 1506 saepe
1116 1458 1260 1494 divisae
1282 1461 1340 1495 vel
1360 1460 1485 1508 potius
1509 1461 1737 1497 dichotomae

257 1518 449 1557 exeuntes,
465 1512 621 1561 majores
634 1515 800 1552 lamellae
821 1517 931 1552 seriei
947 1517 1090 1553 mediae
1105 1524 1141 1553 et
1160 1518 1328 1555 internae
1347 1519 1551 1557 includunt.
1569 1522 1736 1558 Eandem

255 1575 528 1610 tuberculorum
570 1575 703 1611 seriem
742 1576 1044 1623 longitudinalem
1087 1578 1123 1613 in
1161 1585 1319 1628 utroque
1356 1581 1583 1617 lamellarum
1624 1584 1736 1618 latere

254 1635 355 1671 basin
384 1648 534 1680 versus,
562 1636 779 1685 saepissime
808 1639 970 1674 lamellas
998 1640 1168 1688 proxime
1191 1639 1361 1688 jacentes
1388 1648 1670 1686 connectentes,
1699 1650 1735 1678 ct

252 1697 289 1733 in
316 1697 383 1733 hac
409 1703 446 1734 et
473 1698 510 1734 in
537 1698 721 1747 superiori
750 1699 886 1747 specie,
915 1706 954 1736 ut
983 1701 1019 1736 in
1047 1701 1192 1748 Fungia
1220 1701 1466 1748 agariciformi
1486 1703 1580 1746 (vid.
1599 1716 1632 1752 p.
1652 1704 1733 1747 45),

253 1757 329 1794 vidi
350 1758 416 1806 23);
456 1758 613 1794 fortasse
641 1764 762 1795 autem
791 1761 920 1797 eodem
952 1762 1059 1797 modo
1087 1774 1146 1797 res
1175 1761 1211 1797 in
1241 1763 1409 1799 omnibus
1435 1764 1525 1800 aliis*
1543 1766 1732 1801 amborum

250 1832 427 1868 generum
455 1821 648 1868 speciebus
676 1821 730 1856 sic
742 1834 782 1857 se
797 1823 915 1858 habet.
944 1824 1078 1859 Sulcus
1093 1823 1236 1859 medius
1248 1823 1539 1872 longitudinalis,
1557 1826 1600 1860 ad
1617 1826 1731 1862 finum

253 1880 439 1916 amborum
460 1879 642 1926 margines
662 1892 780 1928 usque
798 1887 1008 1930 protensus,
1033 1896 1052 1919 e
1072 1884 1241 1932 pluribus
1260 1884 1360 1920 cavis
1376 1885 1570 1929 (tredecim
1590 1885 1626 1921 in
1646 1899 1730 1934 spe-

254 1940 397 1985 cimine,
417 1941 514 1988 quod
533 1945 617 1976 ante
636 1943 760 1977 oculos
784 1945 856 1988 est)
883 1944 1053 1980 diversae
1072 1945 1334 1993 magnitudinis
1358 1951 1507 1989 constat,
1536 1959 1629 1994 quae
1645 1959 1731 1982 cava

254 2001 480 2038 lamellarum
499 2001 662 2050 plurium
683 2003 907 2040 internarum
928 2005 1152 2053 marginibus
1173 2006 1361 2050 truncatis,
1382 2006 1424 2042 ab
1444 2012 1599 2051 utroque
1619 2008 1732 2043 latere

251 2062 365 2111 magis
391 2063 686 2111 prominentibus
714 2069 751 2100 et
778 2065 1066 2113 approximatis,
1094 2066 1310 2102 formantur.
1331 2087 1380 2093 --
1407 2066 1547 2115 Pagina
1573 2067 1728 2104 inferior

255 2165 301 2203 ²²)
325 2165 423 2198 Ceti:
434 2166 526 2196 hren
537 2165 631 2206 berg
654 2171 745 2208 notat7
769 2168 846 2199 hanc
857 2170 989 2209 speciem
1001 2170 1166 2209 planiorem
1182 2180 1258 2210 esse,
1272 2179 1361 2210 quam
1375 2171 1408 2201 H.
1421 2172 1725 2211 echinataespeciem.

329 2217 397 2247 Mea
415 2218 519 2248 harum
543 2221 712 2257 specierum
737 2221 921 2260 exemplaria
944 2226 1042 2252 autem
1067 2224 1249 2253 contrarium
1272 2224 1343 2253 mihi
1366 2222 1505 2261 probant.

253 2268 300 2306 ²³)
322 2268 448 2307 Linnc‚
472 2270 549 2299 hanc
574 2273 741 2309 proximam
768 2274 900 2311 speciem
924 2273 1111 2313 describens,
1136 2273 1171 2304 ‹le
1196 2275 1251 2305 hac
1274 2283 1306 2305 re
1329 2274 1381 2305 tali
1403 2274 1491 2304 modo
1514 2283 1548 2305 se
1572 2277 1724 2314 exprimit·

333 2319 487 2357 „lamellae
511 2321 597 2352 basin
620 2330 728 2353 versus
750 2325 868 2355 isthmis
892 2327 1073 2358 coniunxne*⁴
1504 2366 1528 2401 8
