1986 2679
844 280 1091 317 ...23-

223 383 487 421 Dodecactinia
513 395 534 418 a
560 383 626 418 cel.
651 380 855 418 Ehrenb.
889 379 1114 416 nominatam
1150 378 1499 427 Madreporinorum
1533 379 1700 428 (proprie

223 445 276 481 sic
303 443 501 492 dictorum)
528 442 703 479 familiam
738 443 893 480 locatam
920 453 1004 477 esse
1037 441 1260 477 invenimus.
1312 440 1398 476 Hoc
1423 441 1502 476 loco
1529 452 1697 476 necessa-

224 506 317 542 rium
346 517 427 541 esse
454 516 526 540 non
553 508 660 553 puto,
689 504 735 540 de
761 504 828 540 hac
855 501 1156 549 Ehrenbergiana
1183 501 1465 550 Zoopbytorum
1493 502 1700 536 lamelloso-

222 579 302 603 rum
331 565 513 601 divisione
531 565 682 602 uberius
710 564 912 613 disputare3
939 563 1006 599 sed
1025 563 1114 599 haec
1133 567 1274 598 tantum
1293 562 1383 605 dico,
1411 562 1700 598 illustrissimum

223 625 333 674 hujus
361 625 555 662 divisionis
582 630 770 662 auctorem
797 624 877 660 sine
895 624 971 660 ullo
999 622 1111 659 dubio
1137 623 1297 671 primum
1325 622 1453 667 fuisse,
1480 622 1543 670 qui
1572 623 1700 658 horum

223 687 465 723 Coralliorum
493 686 704 722 animalium
731 691 898 722 naturam
926 690 964 721 et
989 685 1150 721 indolem
1177 690 1288 733 atque
1315 684 1477 720 habitum
1504 683 1702 719 accuratis-

223 748 315 784 sime
343 761 390 784 ex
417 748 585 784 omnibus
612 748 798 796 prioribus
825 752 977 783 naturae
1005 746 1272 783 scrutatoribus
1297 749 1550 794 perscrutatus
1571 744 1639 785 sit,
1667 749 1703 778 et

223 814 373 844 naturae
401 808 516 856 magis
535 808 816 845 convenientem
845 821 972 845 eorum
1001 813 1037 844 et
1064 809 1253 844 meliorem
1272 806 1568 857 distributionem
1597 804 1700 840 nobis

223 870 469 918 proposuerit.
493 892 541 897 ——
566 870 643 906 Cel.
675 870 818 906 Milne
846 870 1071 906 Edwards
1090 871 1121 912 S)
1150 869 1379 917 Polyporum
1407 866 1507 910 ordo,
1535 865 1701 912 Polypes

222 931 563 979 parenchymateux
589 932 632 967 ab
664 943 708 967 eo
735 931 866 974 dictus,
894 931 1084 966 Anthozoa
1103 928 1403 976 Ehrenbergiana
1429 925 1638 974 complectit
1666 929 1703 959 et

223 991 262 1026 in
282 990 419 1027 familia
445 991 488 1026 ab
510 991 579 1026 hoc
598 993 665 1027 cel.
693 992 773 1027 viro
801 991 1041 1027 Zoanthaires
1069 990 1263 1033 nominata⁷
1291 989 1472 1031 Actinina,
1500 984 1701 1023 Zoanthina

224 1057 260 1086 et
286 1051 566 1100 Zoophytorum
593 1054 863 1089 lamellosorum
892 1064 1029 1100 genera
1057 1051 1327 1100 comprehensa
1353 1054 1448 1084 sunt.

325 1112 505 1148 Animalia
532 1113 836 1160 Madreporarum
863 1113 993 1160 (sensu
1033 1111 1241 1158 Linneano)
1276 1123 1296 1146 a
1323 1110 1450 1158 paucis
1491 1109 1700 1143 observato-

224 1171 326 1207 ribus
353 1178 389 1207 et
417 1172 574 1208 maxima
592 1186 640 1208 ex
657 1180 761 1221 parte
789 1174 908 1210 obiter
934 1179 1078 1210 tantum
1106 1172 1302 1220 disquisita
1329 1176 1425 1206 sunt.
1452 1170 1550 1205 Fere
1578 1178 1703 1203 omnes

225 1238 347 1268 autem
383 1232 420 1268 in
461 1245 505 1269 eo
544 1234 787 1278 conveniunt,
829 1235 920 1270 haec
958 1233 1129 1270 animalia
1166 1232 1337 1280 inprimis
1376 1230 1533 1266 Actiniis
1573 1227 1705 1265 similia

226 1305 320 1329 esse.
371 1294 454 1330 Jam
483 1294 754 1342 Peyssonel
781 1295 1026 1344 Madreporae
1053 1295 1185 1331 animal
1202 1293 1364 1329 Urticam
1393 1291 1565 1327 marinam
1585 1290 1704 1338 (Acti-

227 1355 340 1401 niam)
367 1356 588 1404 appellavit3
628 1356 798 1393 Donati
826 1360 856 1399 9)
894 1356 1027 1393 animal
1055 1356 1300 1403 Madreporae
1327 1366 1471 1390 rameae
1498 1351 1707 1400 descripsit.

227 1415 429 1453 Forskal
448 1420 494 1459 10)
524 1417 670 1453 Animal
698 1417 941 1465 Madreporae
968 1417 1165 1452 daedaleae
1192 1415 1287 1451 vidit
1313 1424 1350 1450 et
1378 1414 1554 1462 Priapum
1585 1413 1705 1456 (Acti-

214 1476 342 1519 .niam)
372 1489 454 1512 esse
483 1477 693 1513 declaravit.
746 1477 867 1513 Etiam
894 1478 960 1512 cel.
989 1475 1213 1512 Cavolini
1247 1478 1294 1518 Η)
1334 1475 1578 1522 Madreporae
1605 1475 1706 1520 caly-

229 1537 373 1579 culm-is,
400 1537 452 1580 L.‚
479 1536 648 1572 animalia
675 1536 890 1584 disquisivit
916 1542 954 1572 et
979 1549 1062 1573 cum
1082 1536 1240 1572 Actiniis
1267 1548 1309 1572 ea
1329 1535 1527 1571 convenire
1554 1534 1706 1570 invenit.

228 1595 408 1645 Ejusdem
435 1597 574 1645 speciei
603 1596 773 1633 animalia
799 1602 928 1645 postea
955 1609 1103 1644 quoque
1131 1609 1252 1644 egreg.
1279 1597 1409 1644 Rapp
1431 1598 1477 1638 12)
1506 1601 1542 1630 et
1569 1595 1706 1630 Delle

230 1657 397 1706 Chiaje
430 1658 475 1706 l³)
523 1658 758 1706 reperiebant
799 1663 836 1694 et
878 1657 1176 1706 descripserunt,
1218 1656 1572 1703 similitudinemque
1611 1655 1705 1690 inter

231 1720 322 1755 haec
355 1719 524 1756 animalia
548 1725 584 1756 et
608 1720 706 1756 inter
733 1719 897 1756 Actinias
925 1724 1166 1767 agnoverunt.
1217 1718 1267 1754 Et
1292 1717 1490 1753 Vincent
1517 1716 1637 1752 Rosa
1663 1715 1707 1762 ¹⁴)

231 1781 522 1827 Lesueur¹⁵)‚
548 1781 776 1826 Leachffl),
807 1781 939 1818 Dela
967 1780 1190 1825 Beche¹⁷)‚
1214 1778 1459 1815 chamisso
1479 1782 1516 1813 et
1532 1777 1706 1824 Eysen-

254 1913 284 1949 Θ)
306 1912 470 1951 L'Institut,
493 1913 523 1942 in
544 1911 600 1942 loc.
622 1911 701 1941 laud.

257 1964 286 2001 ⁹)
308 1965 340 1996 L.
361 1964 379 1995 l.
402 1973 429 2003 p.
453 1964 498 1994 53.
522 1963 593 1995 Tab.
613 1963 638 1993 6Δ

238 2015 281 2051 ¹⁰)
304 2016 336 2046 L.
358 2016 375 2046 l.
399 2025 426 2054 p.
450 2016 514 2046 133.

239 2066 282 2102 ¹¹)
304 2067 336 2097 L.
359 2066 377 2097 1.
400 2075 427 2105 p.
451 2067 496 2097 21Α

239 2115 285 2156 ¹²)
309 2117 341 2147 L.
363 2117 380 2148 l.
403 2126 430 2156 p.
453 2117 499 2148 38.

239 2167 285 2208 ¹³)
307 2169 339 2200 L.
360 2169 379 2200 l.
401 2169 483 2199 Tom.
506 2168 538 2199 ΙΙ.
563 2169 647 2199 1825.
676 2178 703 2208 p.
727 2168 792 2199 238.

240 2219 284 2256 ¹⁴)
307 2220 350 2252 Cf.
372 2221 635 2260 Schweigger‚
660 2221 917 2260 Beobaohtungen
939 2224 993 2251 eto.
1016 2229 1043 2260 p.
1065 2221 1109 2251 21.

242 2270 286 2308 15)
307 2272 352 2302 De
374 2272 525 2311 plusieurs
547 2272 695 2303 Animaux
717 2276 920 2312 appartenant
940 2281 1000 2303 aux
1022 2273 1180 2312 Polypiers
1203 2272 1404 2302 lamelliseres.
1427 2272 1470 2302 ln:
1496 2272 1656 2302 Memoires
1669 2271 1707 2301 du

318 2323 454 2353 Museum
477 2322 581 2354 d‘Hist.
603 2326 699 2354 natur.
743 2324 824 2355 Tom.
847 2324 908 2355 XV.
950 2324 1016 2355 Par.
1041 2324 1126 2356 1819.
1147 2326 1173 2355 [ι.
1196 2333 1223 2363 p.
1247 2324 1312 2357 271,
1335 2331 1399 2362 sqq.
1443 2322 1513 2353 Tab.
1538 2323 1663 2353 15-17.
