<?xml version="1.0" encoding="UTF-8"?>
<!DOCTYPE html PUBLIC "-//W3C//DTD XHTML 1.0 Transitional//EN"
    "http://www.w3.org/TR/xhtml1/DTD/xhtml1-transitional.dtd">
<html xmlns="http://www.w3.org/1999/xhtml" xml:lang="en" lang="en">
 <head>
  <title>
</title>
<meta http-equiv="Content-Type" content="text/html;charset=utf-8" />
  <meta name='ocr-system' content='tesseract 3.04.00' />
  <meta name='ocr-capabilities' content='ocr_page ocr_carea ocr_par ocr_line ocrx_word'/>
</head>
<body>
  <div class='ocr_page' id='page_1' title='image "./observationeszoo00leuc_0035.png"; bbox 0 0 1986 2679; ppageno 0'>
   <div class='ocr_carea' id='block_1_1' title="bbox 851 258 1099 297">
    <p class='ocr_par' dir='ltr' id='par_1_1' title="bbox 851 258 1099 297">
     <span class='ocr_line' id='line_1_1' title="bbox 851 258 1099 297; baseline 0.012 -11"><span class='ocrx_word' id='word_1_1' title='bbox 851 258 1099 297; x_wconf 49' lang='grc' dir='ltr'><strong>-31-ε-</strong></span> 
     </span>
    </p>
   </div>
   <div class='ocr_carea' id='block_1_2' title="bbox 221 350 1712 2343">
    <p class='ocr_par' dir='ltr' id='par_1_2' title="bbox 221 350 1712 2343">
     <span class='ocr_line' id='line_1_2' title="bbox 237 350 1712 414; baseline 0.014 -28"><span class='ocrx_word' id='word_1_2' title='bbox 237 350 329 387; x_wconf 83' lang='lat' dir='ltr'>ciem</span> <span class='ocrx_word' id='word_1_3' title='bbox 356 351 519 396; x_wconf 80' lang='lat' dir='ltr'>addidit,</span> <span class='ocrx_word' id='word_1_4' title='bbox 548 353 597 389; x_wconf 89' lang='lat' dir='ltr'>M.</span> <span class='ocrx_word' id='word_1_5' title='bbox 626 366 782 391; x_wconf 87' lang='lat' dir='ltr'>rameam</span> <span class='ocrx_word' id='word_1_6' title='bbox 810 367 967 405; x_wconf 85' lang='lat' dir='ltr'>nempe,</span> <span class='ocrx_word' id='word_1_7' title='bbox 1004 372 1112 407; x_wconf 89' lang='lat' dir='ltr'>quam</span> <span class='ocrx_word' id='word_1_8' title='bbox 1140 363 1204 398; x_wconf 86' lang='lat' dir='ltr'>cel.</span> <span class='ocrx_word' id='word_1_9' title='bbox 1231 362 1402 401; x_wconf 90' lang='lat' dir='ltr'>Donati</span> <span class='ocrx_word' id='word_1_10' title='bbox 1426 365 1502 414; x_wconf 87' lang='lat' dir='ltr'>jam</span> <span class='ocrx_word' id='word_1_11' title='bbox 1529 368 1565 404; x_wconf 91' lang='lat' dir='ltr'>in</span> <span class='ocrx_word' id='word_1_12' title='bbox 1592 370 1712 408; x_wconf 85' lang='lat' dir='ltr'>adria-</span> 
     </span>
     <span class='ocr_line' id='line_1_3' title="bbox 235 410 1711 475; baseline 0.014 -29"><span class='ocrx_word' id='word_1_13' title='bbox 235 410 307 447; x_wconf 83' lang='lat' dir='ltr'>tico</span> <span class='ocrx_word' id='word_1_14' title='bbox 333 411 533 448; x_wconf 79' lang='lat' dir='ltr'>invenerat.</span> <span class='ocrx_word' id='word_1_15' title='bbox 584 413 688 448; x_wconf 89' lang='lat' dir='ltr'>Mare</span> <span class='ocrx_word' id='word_1_16' title='bbox 714 413 929 451; x_wconf 78' lang='lat' dir='ltr'>adriaticum</span> <span class='ocrx_word' id='word_1_17' title='bbox 956 430 1073 468; x_wconf 86' lang='lat' dir='ltr'><strong>prope</strong></span> <span class='ocrx_word' id='word_1_18' title='bbox 1112 421 1334 470; x_wconf 74' lang='lat' dir='ltr'><strong>Tergestum</strong></span> <span class='ocrx_word' id='word_1_19' title='bbox 1362 428 1617 475; x_wconf 79' lang='lat' dir='ltr'>pervestigans</span> <span class='ocrx_word' id='word_1_20' title='bbox 1645 431 1711 466; x_wconf 88' lang='lat' dir='ltr'>cel.</span> 
     </span>
     <span class='ocr_line' id='line_1_4' title="bbox 233 471 1707 532; baseline 0.012 -23"><span class='ocrx_word' id='word_1_21' title='bbox 233 471 426 509; x_wconf 83' lang='lat' dir='ltr'>Graven</span> <span class='ocrx_word' id='word_1_22' title='bbox 439 473 569 509; x_wconf 89' lang='lat' dir='ltr'>horst</span> <span class='ocrx_word' id='word_1_23' title='bbox 595 473 748 509; x_wconf 87' lang='lat' dir='ltr'>duarum</span> <span class='ocrx_word' id='word_1_24' title='bbox 767 477 914 522; x_wconf 86' lang='lat' dir='ltr'>generis</span> <span class='ocrx_word' id='word_1_25' title='bbox 930 478 1218 529; x_wconf 88' lang='lat' dir='ltr'>Caryophylliae</span> <span class='ocrx_word' id='word_1_26' title='bbox 1248 485 1456 532; x_wconf 83' lang='lat' dir='ltr'>specierum</span> <span class='ocrx_word' id='word_1_27' title='bbox 1485 489 1707 527; x_wconf 88' lang='lat' dir='ltr'>mentionem</span> 
     </span>
     <span class='ocr_line' id='line_1_5' title="bbox 235 532 1708 599; baseline 0.014 -32"><span class='ocrx_word' id='word_1_28' title='bbox 235 532 349 574; x_wconf 83' lang='lat' dir='ltr'>fecit,</span> <span class='ocrx_word' id='word_1_29' title='bbox 383 545 515 581; x_wconf 87' lang='lat' dir='ltr'>nempe</span> <span class='ocrx_word' id='word_1_30' title='bbox 543 534 833 583; x_wconf 81' lang='lat' dir='ltr'>Caryophylliae</span> <span class='ocrx_word' id='word_1_31' title='bbox 860 538 1078 584; x_wconf 87' lang='lat' dir='ltr'>flexuosae,</span> <span class='ocrx_word' id='word_1_32' title='bbox 1105 542 1244 589; x_wconf 85' lang='lat' dir='ltr'>Lam.,</span> <span class='ocrx_word' id='word_1_33' title='bbox 1280 550 1317 581; x_wconf 88' lang='lat' dir='ltr'>et</span> <span class='ocrx_word' id='word_1_34' title='bbox 1344 546 1425 582; x_wconf 87' lang='lat' dir='ltr'>Car.</span> <span class='ocrx_word' id='word_1_35' title='bbox 1453 549 1586 594; x_wconf 82' lang='lat' dir='ltr'>brevis,</span> <span class='ocrx_word' id='word_1_36' title='bbox 1614 563 1708 599; x_wconf 90' lang='lat' dir='ltr'>quae</span> 
     </span>
     <span class='ocr_line' id='line_1_6' title="bbox 233 592 1708 649; baseline 0.014 -22"><span class='ocrx_word' id='word_1_37' title='bbox 233 592 417 639; x_wconf 83' lang='lat' dir='ltr'>posterior</span> <span class='ocrx_word' id='word_1_38' title='bbox 442 593 586 641; x_wconf 82' lang='lat' dir='ltr'>species</span> <span class='ocrx_word' id='word_1_39' title='bbox 612 595 772 642; x_wconf 89' lang='lat' dir='ltr'>primum</span> <span class='ocrx_word' id='word_1_40' title='bbox 798 597 841 633; x_wconf 90' lang='lat' dir='ltr'>ab</span> <span class='ocrx_word' id='word_1_41' title='bbox 869 610 912 633; x_wconf 89' lang='lat' dir='ltr'>eo</span> <span class='ocrx_word' id='word_1_42' title='bbox 948 599 1132 649; x_wconf 87' lang='lat' dir='ltr'>descripta</span> <span class='ocrx_word' id='word_1_43' title='bbox 1160 610 1223 639; x_wconf 87' lang='lat' dir='ltr'>est.</span> <span class='ocrx_word' id='word_1_44' title='bbox 1275 605 1318 640; x_wconf 92' lang='lat' dir='ltr'>In</span> <span class='ocrx_word' id='word_1_45' title='bbox 1346 608 1507 644; x_wconf 90' lang='lat' dir='ltr'>secunda</span> <span class='ocrx_word' id='word_1_46' title='bbox 1545 611 1708 648; x_wconf 86' lang='lat' dir='ltr'>editione</span> 
     </span>
     <span class='ocr_line' id='line_1_7' title="bbox 233 653 1706 718; baseline 0.014 -31"><span class='ocrx_word' id='word_1_47' title='bbox 233 653 357 700; x_wconf 87' lang='lat' dir='ltr'>operis</span> <span class='ocrx_word' id='word_1_48' title='bbox 385 653 636 691; x_wconf 80' lang='lat' dir='ltr'>Lamarckiani</span> <span class='ocrx_word' id='word_1_49' title='bbox 664 656 710 692; x_wconf 90' lang='lat' dir='ltr'>de</span> <span class='ocrx_word' id='word_1_50' title='bbox 746 656 915 694; x_wconf 84' lang='lat' dir='ltr'>Historia</span> <span class='ocrx_word' id='word_1_51' title='bbox 948 661 1158 698; x_wconf 85' lang='lat' dir='ltr'>animalium</span> <span class='ocrx_word' id='word_1_52' title='bbox 1195 666 1448 704; x_wconf 81' lang='lat' dir='ltr'>vertebrarum</span> <span class='ocrx_word' id='word_1_53' title='bbox 1485 671 1706 718; x_wconf 85' lang='lat' dir='ltr'>expertium,</span> 
     </span>
     <span class='ocr_line' id='line_1_8' title="bbox 231 715 1707 774; baseline 0.015 -27"><span class='ocrx_word' id='word_1_54' title='bbox 231 718 373 761; x_wconf 85' lang='lat' dir='ltr'>septem</span> <span class='ocrx_word' id='word_1_55' title='bbox 402 719 539 750; x_wconf 88' lang='lat' dir='ltr'>tantum</span> <span class='ocrx_word' id='word_1_56' title='bbox 568 715 604 750; x_wconf 87' lang='lat' dir='ltr'>in</span> <span class='ocrx_word' id='word_1_57' title='bbox 632 716 792 753; x_wconf 87' lang='lat' dir='ltr'>maribus</span> <span class='ocrx_word' id='word_1_58' title='bbox 820 720 1016 767; x_wconf 89' lang='lat' dir='ltr'>europaeis</span> <span class='ocrx_word' id='word_1_59' title='bbox 1044 729 1213 771; x_wconf 87' lang='lat' dir='ltr'>repertae</span> <span class='ocrx_word' id='word_1_60' title='bbox 1240 727 1384 774; x_wconf 89' lang='lat' dir='ltr'>species</span> <span class='ocrx_word' id='word_1_61' title='bbox 1412 742 1432 765; x_wconf 93' lang='lat' dir='ltr'>e</span> <span class='ocrx_word' id='word_1_62' title='bbox 1459 730 1614 767; x_wconf 87' lang='lat' dir='ltr'>Familia</span> <span class='ocrx_word' id='word_1_63' title='bbox 1632 731 1707 767; x_wconf 89' lang='lat' dir='ltr'>Po-</span> 
     </span>
     <span class='ocr_line' id='line_1_9' title="bbox 230 773 1708 839; baseline 0.016 -33"><span class='ocrx_word' id='word_1_64' title='bbox 230 773 401 820; x_wconf 87' lang='lat' dir='ltr'>lyporum</span> <span class='ocrx_word' id='word_1_65' title='bbox 429 775 698 812; x_wconf 90' lang='lat' dir='ltr'>lamellosorum</span> <span class='ocrx_word' id='word_1_66' title='bbox 726 786 984 818; x_wconf 85' lang='lat' dir='ltr'>memorantur:</span> <span class='ocrx_word' id='word_1_67' title='bbox 1012 784 1277 833; x_wconf 88' lang='lat' dir='ltr'>Caryophyllia</span> <span class='ocrx_word' id='word_1_68' title='bbox 1297 790 1474 837; x_wconf 78' lang='lat' dir='ltr'>Cyathus,</span> <span class='ocrx_word' id='word_1_69' title='bbox 1501 792 1541 828; x_wconf 87' lang='lat' dir='ltr'>C.</span> <span class='ocrx_word' id='word_1_70' title='bbox 1558 793 1708 839; x_wconf 89' lang='lat' dir='ltr'>calycu-</span> 
     </span>
     <span class='ocr_line' id='line_1_10' title="bbox 229 832 1707 900; baseline 0.016 -33"><span class='ocrx_word' id='word_1_71' title='bbox 229 832 326 877; x_wconf 86' lang='lat' dir='ltr'>laris,</span> <span class='ocrx_word' id='word_1_72' title='bbox 346 834 386 870; x_wconf 88' lang='lat' dir='ltr'>G.</span> <span class='ocrx_word' id='word_1_73' title='bbox 405 836 618 884; x_wconf 89' lang='lat' dir='ltr'>caespitosa‚</span> <span class='ocrx_word' id='word_1_74' title='bbox 637 838 678 873; x_wconf 85' lang='lat' dir='ltr'>C.</span> <span class='ocrx_word' id='word_1_75' title='bbox 698 851 829 884; x_wconf 89' lang='lat' dir='ltr'>ramea,</span> <span class='ocrx_word' id='word_1_76' title='bbox 848 841 1005 878; x_wconf 84' lang='lat' dir='ltr'>Oculina</span> <span class='ocrx_word' id='word_1_77' title='bbox 1026 845 1213 892; x_wconf 86' lang='lat' dir='ltr'>prolifera,</span> <span class='ocrx_word' id='word_1_78' title='bbox 1242 849 1307 884; x_wconf 91' lang='lat' dir='ltr'>Oc.</span> <span class='ocrx_word' id='word_1_79' title='bbox 1326 850 1489 898; x_wconf 83' lang='lat' dir='ltr'>virginea</span> <span class='ocrx_word' id='word_1_80' title='bbox 1506 858 1542 888; x_wconf 88' lang='lat' dir='ltr'>et</span> <span class='ocrx_word' id='word_1_81' title='bbox 1563 852 1707 900; x_wconf 79' lang='lat' dir='ltr'>Fungia</span> 
     </span>
     <span class='ocr_line' id='line_1_11' title="bbox 229 893 1706 949; baseline 0.016 -22"><span class='ocrx_word' id='word_1_82' title='bbox 229 893 426 940; x_wconf 86' lang='lat' dir='ltr'>patellaris.</span> <span class='ocrx_word' id='word_1_83' title='bbox 478 895 563 931; x_wconf 88' lang='lat' dir='ltr'>Hae</span> <span class='ocrx_word' id='word_1_84' title='bbox 591 897 685 933; x_wconf 90' lang='lat' dir='ltr'>duae</span> <span class='ocrx_word' id='word_1_85' title='bbox 713 900 857 947; x_wconf 87' lang='lat' dir='ltr'>species</span> <span class='ocrx_word' id='word_1_86' title='bbox 885 903 1014 939; x_wconf 88' lang='lat' dir='ltr'>ultimo</span> <span class='ocrx_word' id='word_1_87' title='bbox 1040 905 1119 941; x_wconf 90' lang='lat' dir='ltr'>loco</span> <span class='ocrx_word' id='word_1_88' title='bbox 1146 909 1354 946; x_wconf 85' lang='lat' dir='ltr'>nominatae</span> <span class='ocrx_word' id='word_1_89' title='bbox 1394 912 1503 947; x_wconf 88' lang='lat' dir='ltr'>etiam</span> <span class='ocrx_word' id='word_1_90' title='bbox 1531 912 1568 948; x_wconf 91' lang='lat' dir='ltr'>in</span> <span class='ocrx_word' id='word_1_91' title='bbox 1597 913 1706 949; x_wconf 81' lang='lat' dir='ltr'>mari-</span> 
     </span>
     <span class='ocr_line' id='line_1_12' title="bbox 231 954 1707 1015; baseline 0.014 -27"><span class='ocrx_word' id='word_1_92' title='bbox 231 954 298 989; x_wconf 88' lang='lat' dir='ltr'>bus</span> <span class='ocrx_word' id='word_1_93' title='bbox 325 954 457 991; x_wconf 89' lang='lat' dir='ltr'>indicis</span> <span class='ocrx_word' id='word_1_94' title='bbox 485 964 738 994; x_wconf 90' lang='lat' dir='ltr'>occurunt.—</span> <span class='ocrx_word' id='word_1_95' title='bbox 761 962 838 998; x_wconf 87' lang='lat' dir='ltr'>Cel.</span> <span class='ocrx_word' id='word_1_96' title='bbox 866 963 1101 1009; x_wconf 88' lang='lat' dir='ltr'>Lesueur,</span> <span class='ocrx_word' id='word_1_97' title='bbox 1128 969 1254 1015; x_wconf 86' lang='lat' dir='ltr'>plures</span> <span class='ocrx_word' id='word_1_98' title='bbox 1281 971 1502 1008; x_wconf 91' lang='lat' dir='ltr'>Antillorum</span> <span class='ocrx_word' id='word_1_99' title='bbox 1525 974 1707 1010; x_wconf 91' lang='lat' dir='ltr'>minorum</span> 
     </span>
     <span class='ocr_line' id='line_1_13' title="bbox 229 1013 1708 1079; baseline 0.016 -31"><span class='ocrx_word' id='word_1_100' title='bbox 229 1013 379 1059; x_wconf 86' lang='lat' dir='ltr'>insulas,</span> <span class='ocrx_word' id='word_1_101' title='bbox 406 1029 434 1052; x_wconf 89' lang='lat' dir='ltr'>e.</span> <span class='ocrx_word' id='word_1_102' title='bbox 453 1030 487 1064; x_wconf 89' lang='lat' dir='ltr'>g.</span> <span class='ocrx_word' id='word_1_103' title='bbox 509 1018 707 1063; x_wconf 80' lang='lat' dir='ltr'>BarbadOS,</span> <span class='ocrx_word' id='word_1_104' title='bbox 724 1021 981 1073; x_wconf 86' lang='lat' dir='ltr'>Guadaloupe,</span> <span class='ocrx_word' id='word_1_105' title='bbox 1009 1026 1245 1076; x_wconf 88' lang='lat' dir='ltr'>Martinique,</span> <span class='ocrx_word' id='word_1_106' title='bbox 1265 1031 1320 1075; x_wconf 68' lang='lat' dir='ltr'>al„</span> <span class='ocrx_word' id='word_1_107' title='bbox 1341 1033 1587 1079; x_wconf 84' lang='lat' dir='ltr'>perlustranS,</span> <span class='ocrx_word' id='word_1_108' title='bbox 1609 1034 1708 1070; x_wconf 85' lang='lat' dir='ltr'>haud</span> 
     </span>
     <span class='ocr_line' id='line_1_14' title="bbox 230 1074 1705 1130; baseline 0.015 -21"><span class='ocrx_word' id='word_1_109' title='bbox 230 1074 399 1123; x_wconf 83' lang='lat' dir='ltr'>exiguam</span> <span class='ocrx_word' id='word_1_110' title='bbox 427 1079 567 1126; x_wconf 86' lang='lat' dir='ltr'>copiam</span> <span class='ocrx_word' id='word_1_111' title='bbox 594 1081 874 1129; x_wconf 89' lang='lat' dir='ltr'>Zoophytorum</span> <span class='ocrx_word' id='word_1_112' title='bbox 904 1085 1175 1124; x_wconf 85' lang='lat' dir='ltr'>lamellosorum</span> <span class='ocrx_word' id='word_1_113' title='bbox 1203 1089 1242 1126; x_wconf 92' lang='lat' dir='ltr'>in</span> <span class='ocrx_word' id='word_1_114' title='bbox 1270 1091 1359 1126; x_wconf 88' lang='lat' dir='ltr'>mari</span> <span class='ocrx_word' id='word_1_115' title='bbox 1379 1091 1459 1128; x_wconf 85' lang='lat' dir='ltr'>illas</span> <span class='ocrx_word' id='word_1_116' title='bbox 1486 1093 1625 1129; x_wconf 84' lang='lat' dir='ltr'>insulas</span> <span class='ocrx_word' id='word_1_117' title='bbox 1653 1096 1705 1130; x_wconf 92' lang='lat' dir='ltr'>al-</span> 
     </span>
     <span class='ocr_line' id='line_1_15' title="bbox 228 1136 1704 1203; baseline 0.014 -32"><span class='ocrx_word' id='word_1_118' title='bbox 228 1136 344 1172; x_wconf 86' lang='lat' dir='ltr'>luenti</span> <span class='ocrx_word' id='word_1_119' title='bbox 371 1138 587 1185; x_wconf 80' lang='lat' dir='ltr'>viventium,</span> <span class='ocrx_word' id='word_1_120' title='bbox 614 1143 764 1191; x_wconf 90' lang='lat' dir='ltr'>reperit,</span> <span class='ocrx_word' id='word_1_121' title='bbox 791 1149 827 1179; x_wconf 90' lang='lat' dir='ltr'>et</span> <span class='ocrx_word' id='word_1_122' title='bbox 855 1145 1003 1192; x_wconf 87' lang='lat' dir='ltr'>quidem</span> <span class='ocrx_word' id='word_1_123' title='bbox 1031 1150 1262 1195; x_wconf 83' lang='lat' dir='ltr'>egeneribus</span> <span class='ocrx_word' id='word_1_124' title='bbox 1280 1152 1579 1201; x_wconf 85' lang='lat' dir='ltr'>Caryophylliae,</span> <span class='ocrx_word' id='word_1_125' title='bbox 1607 1155 1704 1203; x_wconf 86' lang='lat' dir='ltr'>Aga-</span> 
     </span>
     <span class='ocr_line' id='line_1_16' title="bbox 228 1195 1704 1260; baseline 0.016 -30"><span class='ocrx_word' id='word_1_126' title='bbox 228 1195 356 1241; x_wconf 88' lang='lat' dir='ltr'>riciae,</span> <span class='ocrx_word' id='word_1_127' title='bbox 384 1198 664 1246; x_wconf 86' lang='lat' dir='ltr'>Maeandriuae,</span> <span class='ocrx_word' id='word_1_128' title='bbox 704 1204 901 1250; x_wconf 81' lang='lat' dir='ltr'>Astraeae,</span> <span class='ocrx_word' id='word_1_129' title='bbox 927 1207 1092 1253; x_wconf 88' lang='lat' dir='ltr'>Porites‚</span> <span class='ocrx_word' id='word_1_130' title='bbox 1131 1211 1393 1260; x_wconf 88' lang='lat' dir='ltr'>Madreporae‚</span> <span class='ocrx_word' id='word_1_131' title='bbox 1434 1214 1632 1259; x_wconf 90' lang='lat' dir='ltr'>Oculinae,</span> <span class='ocrx_word' id='word_1_132' title='bbox 1665 1216 1704 1252; x_wconf 83' lang='lat' dir='ltr'>in</span> 
     </span>
     <span class='ocr_line' id='line_1_17' title="bbox 227 1256 1701 1318; baseline 0.014 -26"><span class='ocrx_word' id='word_1_133' title='bbox 227 1256 442 1295; x_wconf 88' lang='lat' dir='ltr'>universum</span> <span class='ocrx_word' id='word_1_134' title='bbox 484 1264 746 1309; x_wconf 87' lang='lat' dir='ltr'>septemdecim</span> <span class='ocrx_word' id='word_1_135' title='bbox 776 1267 920 1314; x_wconf 86' lang='lat' dir='ltr'>species</span> <span class='ocrx_word' id='word_1_136' title='bbox 947 1268 1153 1318; x_wconf 88' lang='lat' dir='ltr'>descripsit.</span> <span class='ocrx_word' id='word_1_137' title='bbox 1190 1272 1233 1307; x_wconf 93' lang='lat' dir='ltr'>In</span> <span class='ocrx_word' id='word_1_138' title='bbox 1262 1273 1350 1308; x_wconf 90' lang='lat' dir='ltr'>mari</span> <span class='ocrx_word' id='word_1_139' title='bbox 1378 1274 1488 1310; x_wconf 92' lang='lat' dir='ltr'>rubro</span> <span class='ocrx_word' id='word_1_140' title='bbox 1516 1276 1701 1313; x_wconf 85' lang='lat' dir='ltr'>oculatiss.</span> 
     </span>
     <span class='ocr_line' id='line_1_18' title="bbox 226 1308 1702 1386; baseline 0.016 -35"><span class='ocrx_word' id='word_1_141' title='bbox 226 1308 504 1368; x_wconf 80' lang='lat' dir='ltr'>Elirenberg</span> <span class='ocrx_word' id='word_1_142' title='bbox 538 1322 589 1357; x_wconf 85' lang='lat'>52</span> <span class='ocrx_word' id='word_1_143' title='bbox 616 1324 746 1361; x_wconf 88' lang='lat' dir='ltr'>horum</span> <span class='ocrx_word' id='word_1_144' title='bbox 774 1327 1053 1376; x_wconf 87' lang='lat' dir='ltr'>Zoophytorum</span> <span class='ocrx_word' id='word_1_145' title='bbox 1082 1332 1226 1379; x_wconf 88' lang='lat' dir='ltr'>species</span> <span class='ocrx_word' id='word_1_146' title='bbox 1255 1335 1394 1383; x_wconf 90' lang='lat' dir='ltr'>reperit</span> <span class='ocrx_word' id='word_1_147' title='bbox 1421 1341 1458 1371; x_wconf 90' lang='lat' dir='ltr'>et</span> <span class='ocrx_word' id='word_1_148' title='bbox 1499 1336 1702 1386; x_wconf 86' lang='lat' dir='ltr'>descripsit,</span> 
     </span>
     <span class='ocr_line' id='line_1_19' title="bbox 225 1381 1701 1441; baseline 0.014 -27"><span class='ocrx_word' id='word_1_149' title='bbox 225 1390 402 1426; x_wconf 85' lang='lat' dir='ltr'>generum</span> <span class='ocrx_word' id='word_1_150' title='bbox 429 1381 596 1431; x_wconf 85' lang='lat' dir='ltr'>Fungiae</span> <span class='ocrx_word' id='word_1_151' title='bbox 623 1387 692 1431; x_wconf 83' lang='lat' dir='ltr'>(l),</span> <span class='ocrx_word' id='word_1_152' title='bbox 718 1387 954 1436; x_wconf 88' lang='lat' dir='ltr'>Haliglossae</span> <span class='ocrx_word' id='word_1_153' title='bbox 983 1393 1054 1434; x_wconf 79' lang='lat'>(1),</span> <span class='ocrx_word' id='word_1_154' title='bbox 1083 1392 1381 1441; x_wconf 88' lang='lat' dir='ltr'>Stephanocorae</span> <span class='ocrx_word' id='word_1_155' title='bbox 1410 1396 1495 1441; x_wconf 78' lang='lat' dir='ltr'>(l),</span> <span class='ocrx_word' id='word_1_156' title='bbox 1523 1397 1701 1435; x_wconf 90' lang='lat' dir='ltr'>Oculinae</span> 
     </span>
     <span class='ocr_line' id='line_1_20' title="bbox 226 1440 1701 1506; baseline 0.015 -33"><span class='ocrx_word' id='word_1_157' title='bbox 226 1440 296 1484; x_wconf 86' lang='lat'>(1),</span> <span class='ocrx_word' id='word_1_158' title='bbox 327 1440 570 1489; x_wconf 84' lang='lat' dir='ltr'>Explanariae</span> <span class='ocrx_word' id='word_1_159' title='bbox 590 1444 659 1490; x_wconf 87' lang='lat'>(3),</span> <span class='ocrx_word' id='word_1_160' title='bbox 686 1446 925 1486; x_wconf 89' lang='lat' dir='ltr'>Strombodes</span> <span class='ocrx_word' id='word_1_161' title='bbox 943 1451 1012 1499; x_wconf 84' lang='lat' dir='ltr'>(l),</span> <span class='ocrx_word' id='word_1_162' title='bbox 1041 1453 1284 1502; x_wconf 80' lang='lat' dir='ltr'>Anthophylli</span> <span class='ocrx_word' id='word_1_163' title='bbox 1313 1456 1385 1499; x_wconf 79' lang='lat' dir='ltr'>(l),</span> <span class='ocrx_word' id='word_1_164' title='bbox 1414 1457 1701 1506; x_wconf 85' lang='lat' dir='ltr'>Caryophylliae</span> 
     </span>
     <span class='ocr_line' id='line_1_21' title="bbox 224 1499 1701 1567; baseline 0.014 -32"><span class='ocrx_word' id='word_1_165' title='bbox 224 1499 294 1548; x_wconf 83' lang='lat'>(2),</span> <span class='ocrx_word' id='word_1_166' title='bbox 321 1501 459 1538; x_wconf 87' lang='lat' dir='ltr'>Faviae</span> <span class='ocrx_word' id='word_1_167' title='bbox 485 1503 555 1552; x_wconf 73' lang='lat'>(4),</span> <span class='ocrx_word' id='word_1_168' title='bbox 582 1506 759 1545; x_wconf 86' lang='lat' dir='ltr'>Astraeae</span> <span class='ocrx_word' id='word_1_169' title='bbox 787 1510 867 1554; x_wconf 77' lang='lat' dir='ltr'>(S),</span> <span class='ocrx_word' id='word_1_170' title='bbox 895 1511 1116 1549; x_wconf 86' lang='lat' dir='ltr'>Maeandrae</span> <span class='ocrx_word' id='word_1_171' title='bbox 1143 1514 1220 1563; x_wconf 81' lang='lat'>(2),</span> <span class='ocrx_word' id='word_1_172' title='bbox 1249 1516 1455 1554; x_wconf 86' lang='lat' dir='ltr'>Manicinae</span> <span class='ocrx_word' id='word_1_173' title='bbox 1482 1519 1551 1567; x_wconf 82' lang='lat'>(2),</span> <span class='ocrx_word' id='word_1_174' title='bbox 1578 1520 1701 1556; x_wconf 83' lang='lat' dir='ltr'>Pavo-</span> 
     </span>
     <span class='ocr_line' id='line_1_22' title="bbox 225 1561 1700 1619; baseline 0.014 -24"><span class='ocrx_word' id='word_1_175' title='bbox 225 1561 307 1596; x_wconf 87' lang='lat' dir='ltr'>niae</span> <span class='ocrx_word' id='word_1_176' title='bbox 336 1563 420 1606; x_wconf 80' lang='lat' dir='ltr'>(l),</span> <span class='ocrx_word' id='word_1_177' title='bbox 447 1563 707 1614; x_wconf 88' lang='lat' dir='ltr'>Heteroporae</span> <span class='ocrx_word' id='word_1_178' title='bbox 735 1569 803 1614; x_wconf 80' lang='lat'>(7),</span> <span class='ocrx_word' id='word_1_179' title='bbox 831 1570 1076 1619; x_wconf 87' lang='lat' dir='ltr'>Madreporae</span> <span class='ocrx_word' id='word_1_180' title='bbox 1104 1574 1199 1619; x_wconf 77' lang='lat'><strong>(17).</strong></span> <span class='ocrx_word' id='word_1_181' title='bbox 1252 1576 1311 1612; x_wconf 83' lang='lat' dir='ltr'>Ex</span> <span class='ocrx_word' id='word_1_182' title='bbox 1338 1577 1395 1612; x_wconf 88' lang='lat' dir='ltr'>his</span> <span class='ocrx_word' id='word_1_183' title='bbox 1435 1579 1700 1615; x_wconf 87' lang='lat' dir='ltr'>observationi-</span> 
     </span>
     <span class='ocr_line' id='line_1_23' title="bbox 224 1621 1698 1688; baseline 0.014 -32"><span class='ocrx_word' id='word_1_184' title='bbox 224 1621 291 1656; x_wconf 88' lang='lat' dir='ltr'>bus</span> <span class='ocrx_word' id='word_1_185' title='bbox 319 1623 401 1658; x_wconf 89' lang='lat' dir='ltr'>clar.</span> <span class='ocrx_word' id='word_1_186' title='bbox 428 1623 577 1661; x_wconf 90' lang='lat' dir='ltr'>Ehren</span> <span class='ocrx_word' id='word_1_187' title='bbox 590 1628 696 1676; x_wconf 89' lang='lat' dir='ltr'>berg</span> <span class='ocrx_word' id='word_1_188' title='bbox 723 1629 932 1674; x_wconf 85' lang='lat' dir='ltr'>edocemur,</span> <span class='ocrx_word' id='word_1_189' title='bbox 959 1632 1027 1668; x_wconf 88' lang='lat' dir='ltr'>hoc</span> <span class='ocrx_word' id='word_1_190' title='bbox 1046 1646 1144 1669; x_wconf 88' lang='lat' dir='ltr'>mare</span> <span class='ocrx_word' id='word_1_191' title='bbox 1162 1636 1381 1683; x_wconf 87' lang='lat' dir='ltr'>praesertim</span> <span class='ocrx_word' id='word_1_192' title='bbox 1408 1639 1534 1685; x_wconf 90' lang='lat' dir='ltr'>plures</span> <span class='ocrx_word' id='word_1_193' title='bbox 1555 1640 1698 1688; x_wconf 87' lang='lat' dir='ltr'>species</span> 
     </span>
     <span class='ocr_line' id='line_1_24' title="bbox 223 1683 1698 1744; baseline 0.014 -28"><span class='ocrx_word' id='word_1_194' title='bbox 223 1693 400 1728; x_wconf 85' lang='lat' dir='ltr'>generum</span> <span class='ocrx_word' id='word_1_195' title='bbox 421 1683 689 1735; x_wconf 83' lang='lat' dir='ltr'>Heteroporae,</span> <span class='ocrx_word' id='word_1_196' title='bbox 713 1689 889 1726; x_wconf 87' lang='lat' dir='ltr'>Astraeae</span> <span class='ocrx_word' id='word_1_197' title='bbox 905 1696 941 1727; x_wconf 90' lang='lat' dir='ltr'>et</span> <span class='ocrx_word' id='word_1_198' title='bbox 960 1692 1202 1742; x_wconf 86' lang='lat' dir='ltr'>Madreporae</span> <span class='ocrx_word' id='word_1_199' title='bbox 1228 1698 1430 1744; x_wconf 89' lang='lat' dir='ltr'>complecti.</span> <span class='ocrx_word' id='word_1_200' title='bbox 1454 1698 1558 1735; x_wconf 89' lang='lat' dir='ltr'>Mare</span> <span class='ocrx_word' id='word_1_201' title='bbox 1581 1700 1698 1736; x_wconf 90' lang='lat' dir='ltr'>medi-</span> 
     </span>
     <span class='ocr_line' id='line_1_25' title="bbox 224 1747 1697 1805; baseline 0.013 -28"><span class='ocrx_word' id='word_1_202' title='bbox 224 1747 430 1780; x_wconf 83' lang='lat' dir='ltr'>terraneum</span> <span class='ocrx_word' id='word_1_203' title='bbox 445 1751 481 1781; x_wconf 91' lang='lat' dir='ltr'>et</span> <span class='ocrx_word' id='word_1_204' title='bbox 492 1750 726 1796; x_wconf 86' lang='lat' dir='ltr'>norvegicum</span> <span class='ocrx_word' id='word_1_205' title='bbox 739 1752 886 1798; x_wconf 86' lang='lat' dir='ltr'>generis</span> <span class='ocrx_word' id='word_1_206' title='bbox 903 1753 1202 1802; x_wconf 85' lang='lat' dir='ltr'>Caryophylliae,</span> <span class='ocrx_word' id='word_1_207' title='bbox 1223 1756 1402 1792; x_wconf 86' lang='lat' dir='ltr'>Oculinae</span> <span class='ocrx_word' id='word_1_208' title='bbox 1416 1763 1462 1801; x_wconf 92' lang='lat' dir='ltr'>et,</span> <span class='ocrx_word' id='word_1_209' title='bbox 1484 1764 1524 1794; x_wconf 87' lang='lat' dir='ltr'>ut</span> <span class='ocrx_word' id='word_1_210' title='bbox 1539 1759 1697 1805; x_wconf 88' lang='lat' dir='ltr'>videtur,</span> 
     </span>
     <span class='ocr_line' id='line_1_26' title="bbox 224 1803 1697 1863; baseline 0.014 -26"><span class='ocrx_word' id='word_1_211' title='bbox 224 1803 403 1840; x_wconf 88' lang='lat' dir='ltr'>Astraeae</span> <span class='ocrx_word' id='word_1_212' title='bbox 422 1810 562 1842; x_wconf 80' lang='lat' dir='ltr'>tantum</span> <span class='ocrx_word' id='word_1_213' title='bbox 585 1809 727 1856; x_wconf 85' lang='lat' dir='ltr'>species</span> <span class='ocrx_word' id='word_1_214' title='bbox 749 1812 893 1857; x_wconf 88' lang='lat' dir='ltr'>habent,</span> <span class='ocrx_word' id='word_1_215' title='bbox 918 1827 1011 1862; x_wconf 89' lang='lat' dir='ltr'>quae</span> <span class='ocrx_word' id='word_1_216' title='bbox 1020 1828 1154 1863; x_wconf 88' lang='lat' dir='ltr'>genera</span> <span class='ocrx_word' id='word_1_217' title='bbox 1167 1817 1275 1852; x_wconf 89' lang='lat' dir='ltr'>etiam</span> <span class='ocrx_word' id='word_1_218' title='bbox 1292 1817 1327 1853; x_wconf 89' lang='lat' dir='ltr'>in</span> <span class='ocrx_word' id='word_1_219' title='bbox 1340 1818 1428 1853; x_wconf 86' lang='lat' dir='ltr'>mari</span> <span class='ocrx_word' id='word_1_220' title='bbox 1446 1820 1567 1863; x_wconf 89' lang='lat' dir='ltr'>rubro,</span> <span class='ocrx_word' id='word_1_221' title='bbox 1578 1820 1629 1856; x_wconf 90' lang='lat' dir='ltr'>ita</span> <span class='ocrx_word' id='word_1_222' title='bbox 1642 1826 1697 1857; x_wconf 88' lang='lat' dir='ltr'>ta-</span> 
     </span>
     <span class='ocr_line' id='line_1_27' title="bbox 225 1868 1695 1930; baseline 0.014 -33"><span class='ocrx_word' id='word_1_223' title='bbox 225 1876 318 1907; x_wconf 85' lang='lat' dir='ltr'>men,</span> <span class='ocrx_word' id='word_1_224' title='bbox 335 1870 374 1900; x_wconf 92' lang='lat' dir='ltr'>ut</span> <span class='ocrx_word' id='word_1_225' title='bbox 389 1877 514 1901; x_wconf 90' lang='lat' dir='ltr'>eorum</span> <span class='ocrx_word' id='word_1_226' title='bbox 531 1868 674 1915; x_wconf 90' lang='lat' dir='ltr'>species</span> <span class='ocrx_word' id='word_1_227' title='bbox 689 1870 859 1907; x_wconf 86' lang='lat' dir='ltr'>diversae</span> <span class='ocrx_word' id='word_1_228' title='bbox 870 1873 953 1917; x_wconf 83' lang='lat' dir='ltr'>sint,</span> <span class='ocrx_word' id='word_1_229' title='bbox 973 1876 1221 1923; x_wconf 87' lang='lat' dir='ltr'>reperiuntur.</span> <span class='ocrx_word' id='word_1_230' title='bbox 1233 1877 1386 1926; x_wconf 89' lang='lat' dir='ltr'>Species</span> <span class='ocrx_word' id='word_1_231' title='bbox 1402 1879 1480 1915; x_wconf 84' lang='lat' dir='ltr'>sere</span> <span class='ocrx_word' id='word_1_232' title='bbox 1494 1892 1619 1916; x_wconf 90' lang='lat' dir='ltr'>omnes</span> <span class='ocrx_word' id='word_1_233' title='bbox 1631 1894 1695 1930; x_wconf 90' lang='lat' dir='ltr'>ge-</span> 
     </span>
     <span class='ocr_line' id='line_1_28' title="bbox 223 1925 1696 1987; baseline 0.014 -29"><span class='ocrx_word' id='word_1_234' title='bbox 223 1935 352 1960; x_wconf 86' lang='lat' dir='ltr'>nerum</span> <span class='ocrx_word' id='word_1_235' title='bbox 366 1925 544 1972; x_wconf 87' lang='lat' dir='ltr'>Stylinae,</span> <span class='ocrx_word' id='word_1_236' title='bbox 558 1928 780 1975; x_wconf 87' lang='lat' dir='ltr'>Sarcinulae,</span> <span class='ocrx_word' id='word_1_237' title='bbox 798 1932 996 1978; x_wconf 86' lang='lat' dir='ltr'>Pavoniae,</span> <span class='ocrx_word' id='word_1_238' title='bbox 1016 1935 1273 1984; x_wconf 79' lang='lat' dir='ltr'>Explanariae‚</span> <span class='ocrx_word' id='word_1_239' title='bbox 1293 1939 1494 1986; x_wconf 87' lang='lat' dir='ltr'>Agariciae,</span> <span class='ocrx_word' id='word_1_240' title='bbox 1508 1941 1696 1987; x_wconf 87' lang='lat' dir='ltr'>Astraeae,</span> 
     </span>
     <span class='ocr_line' id='line_1_29' title="bbox 223 1984 1694 2048; baseline 0.013 -29"><span class='ocrx_word' id='word_1_241' title='bbox 223 1984 501 2032; x_wconf 61' lang='lat' dir='ltr'>Maeandrium,</span> <span class='ocrx_word' id='word_1_242' title='bbox 529 1988 800 2039; x_wconf 87' lang='lat' dir='ltr'>Echinoporae‚</span> <span class='ocrx_word' id='word_1_243' title='bbox 827 1991 996 2040; x_wconf 87' lang='lat' dir='ltr'>Poritae,</span> <span class='ocrx_word' id='word_1_244' title='bbox 1034 1996 1312 2046; x_wconf 88' lang='lat' dir='ltr'>Pocilloporae,</span> <span class='ocrx_word' id='word_1_245' title='bbox 1338 1999 1598 2048; x_wconf 88' lang='lat' dir='ltr'>Madreporae,</span> <span class='ocrx_word' id='word_1_246' title='bbox 1626 2003 1694 2038; x_wconf 91' lang='lat' dir='ltr'>Se-</span> 
     </span>
     <span class='ocr_line' id='line_1_30' title="bbox 223 2044 1693 2109; baseline 0.014 -30"><span class='ocrx_word' id='word_1_247' title='bbox 223 2044 428 2094; x_wconf 89' lang='lat' dir='ltr'>riatoporae</span> <span class='ocrx_word' id='word_1_248' title='bbox 448 2054 516 2084; x_wconf 85' lang='lat' dir='ltr'>etc.</span> <span class='ocrx_word' id='word_1_249' title='bbox 543 2050 770 2089; x_wconf 89' lang='lat' dir='ltr'>solummodo</span> <span class='ocrx_word' id='word_1_250' title='bbox 796 2054 833 2089; x_wconf 92' lang='lat' dir='ltr'>in</span> <span class='ocrx_word' id='word_1_251' title='bbox 862 2056 1022 2093; x_wconf 89' lang='lat' dir='ltr'>maribus</span> <span class='ocrx_word' id='word_1_252' title='bbox 1049 2059 1270 2095; x_wconf 84' lang='lat' dir='ltr'>calidoribus</span> <span class='ocrx_word' id='word_1_253' title='bbox 1297 2060 1523 2107; x_wconf 84' lang='lat' dir='ltr'>americanis‚</span> <span class='ocrx_word' id='word_1_254' title='bbox 1551 2063 1693 2109; x_wconf 87' lang='lat' dir='ltr'>indicis,</span> 
     </span>
     <span class='ocr_line' id='line_1_31' title="bbox 222 2105 1693 2169; baseline 0.014 -29"><span class='ocrx_word' id='word_1_255' title='bbox 222 2105 258 2140; x_wconf 88' lang='lat' dir='ltr'>in</span> <span class='ocrx_word' id='word_1_256' title='bbox 287 2107 376 2143; x_wconf 91' lang='lat' dir='ltr'>mari</span> <span class='ocrx_word' id='word_1_257' title='bbox 403 2109 514 2145; x_wconf 89' lang='lat' dir='ltr'>rubro</span> <span class='ocrx_word' id='word_1_258' title='bbox 542 2116 578 2146; x_wconf 87' lang='lat' dir='ltr'>et</span> <span class='ocrx_word' id='word_1_259' title='bbox 604 2113 754 2149; x_wconf 87' lang='lat' dir='ltr'>australi</span> <span class='ocrx_word' id='word_1_260' title='bbox 781 2116 1029 2163; x_wconf 85' lang='lat' dir='ltr'>reperiuntur.</span> <span class='ocrx_word' id='word_1_261' title='bbox 1086 2119 1203 2155; x_wconf 86' lang='lat' dir='ltr'>Multa</span> <span class='ocrx_word' id='word_1_262' title='bbox 1230 2126 1363 2163; x_wconf 85' lang='lat' dir='ltr'>autem,</span> <span class='ocrx_word' id='word_1_263' title='bbox 1391 2134 1484 2169; x_wconf 89' lang='lat' dir='ltr'>quae</span> <span class='ocrx_word' id='word_1_264' title='bbox 1503 2123 1547 2158; x_wconf 91' lang='lat' dir='ltr'>ad</span> <span class='ocrx_word' id='word_1_265' title='bbox 1569 2123 1693 2160; x_wconf 89' lang='lat' dir='ltr'>distri-</span> 
     </span>
     <span class='ocr_line' id='line_1_32' title="bbox 222 2166 1693 2231; baseline 0.014 -30"><span class='ocrx_word' id='word_1_266' title='bbox 222 2166 407 2204; x_wconf 89' lang='lat' dir='ltr'>butionem</span> <span class='ocrx_word' id='word_1_267' title='bbox 434 2172 711 2219; x_wconf 88' lang='lat' dir='ltr'>geographicam</span> <span class='ocrx_word' id='word_1_268' title='bbox 739 2174 869 2211; x_wconf 90' lang='lat' dir='ltr'>horum</span> <span class='ocrx_word' id='word_1_269' title='bbox 899 2177 1178 2226; x_wconf 89' lang='lat' dir='ltr'>Zoophytorum</span> <span class='ocrx_word' id='word_1_270' title='bbox 1206 2193 1383 2227; x_wconf 87' lang='lat' dir='ltr'>generum</span> <span class='ocrx_word' id='word_1_271' title='bbox 1404 2183 1601 2231; x_wconf 82' lang='lat' dir='ltr'>pertinent,</span> <span class='ocrx_word' id='word_1_272' title='bbox 1628 2186 1693 2221; x_wconf 93' lang='lat' dir='ltr'>ad-</span> 
     </span>
     <span class='ocr_line' id='line_1_33' title="bbox 221 2226 1690 2293; baseline 0.014 -32"><span class='ocrx_word' id='word_1_273' title='bbox 221 2226 293 2262; x_wconf 90' lang='lat' dir='ltr'>huc</span> <span class='ocrx_word' id='word_1_274' title='bbox 319 2227 427 2265; x_wconf 91' lang='lat' dir='ltr'>dubia</span> <span class='ocrx_word' id='word_1_275' title='bbox 455 2237 491 2266; x_wconf 86' lang='lat' dir='ltr'>et</span> <span class='ocrx_word' id='word_1_276' title='bbox 517 2231 655 2268; x_wconf 89' lang='lat' dir='ltr'>incerta</span> <span class='ocrx_word' id='word_1_277' title='bbox 681 2242 778 2270; x_wconf 90' lang='lat' dir='ltr'>sunt.</span> <span class='ocrx_word' id='word_1_278' title='bbox 829 2236 872 2272; x_wconf 96' lang='lat' dir='ltr'>In</span> <span class='ocrx_word' id='word_1_279' title='bbox 908 2238 1122 2275; x_wconf 85' lang='lat' dir='ltr'>universum</span> <span class='ocrx_word' id='word_1_280' title='bbox 1162 2241 1306 2289; x_wconf 89' lang='lat' dir='ltr'>species</span> <span class='ocrx_word' id='word_1_281' title='bbox 1339 2254 1515 2290; x_wconf 89' lang='lat' dir='ltr'>generum</span> <span class='ocrx_word' id='word_1_282' title='bbox 1551 2246 1690 2293; x_wconf 89' lang='lat' dir='ltr'>Caryo-</span> 
     </span>
     <span class='ocr_line' id='line_1_34' title="bbox 222 2287 1690 2343; baseline 0.015 -21"><span class='ocrx_word' id='word_1_283' title='bbox 222 2287 383 2334; x_wconf 84' lang='lat' dir='ltr'>phylliae</span> <span class='ocrx_word' id='word_1_284' title='bbox 402 2295 439 2326; x_wconf 88' lang='lat' dir='ltr'>et</span> <span class='ocrx_word' id='word_1_285' title='bbox 453 2291 629 2329; x_wconf 88' lang='lat' dir='ltr'>Oculinae</span> <span class='ocrx_word' id='word_1_286' title='bbox 648 2297 912 2343; x_wconf 86' lang='lat' dir='ltr'>propemodum</span> <span class='ocrx_word' id='word_1_287' title='bbox 940 2299 978 2335; x_wconf 92' lang='lat' dir='ltr'>in</span> <span class='ocrx_word' id='word_1_288' title='bbox 997 2300 1166 2337; x_wconf 89' lang='lat' dir='ltr'>omnibus</span> <span class='ocrx_word' id='word_1_289' title='bbox 1182 2307 1302 2339; x_wconf 85' lang='lat' dir='ltr'>terrae</span> <span class='ocrx_word' id='word_1_290' title='bbox 1323 2304 1483 2342; x_wconf 89' lang='lat' dir='ltr'>maribus</span> <span class='ocrx_word' id='word_1_291' title='bbox 1503 2313 1690 2343; x_wconf 72' lang='lat' dir='ltr'>occur-unt.</span> 
     </span>
    </p>
   </div>
  </div>
 </body>
</html>
