1986 2679
857 249 1106 286 ...15-

243 348 324 383 cula
357 346 488 383 iisdem
528 347 677 396 propria
715 346 866 395 profere
891 348 1048 392 vellem,
1087 361 1194 397 quam
1222 350 1267 385 ob
1293 361 1370 386 rem
1397 350 1464 386 hac
1490 351 1536 386 de
1562 363 1601 386 re
1630 363 1660 386 e.
1686 363 1719 398 g.

242 408 478 445 clarissimor.
514 409 677 444 virorum
712 408 957 456 Pallasv),
984 408 1354 458 Schweiggerffl)
1382 416 1418 447 et
1455 411 1599 447 Milne
1634 411 1719 446 Ed-

242 469 392 505 wards
423 470 471 512 ²⁹)
508 468 634 504 literas
660 468 780 504 laudo.
844 468 1031 518 Imprimis
1069 482 1216 518 quoque
1244 477 1447 508 memoratu
1474 472 1606 520 dignae
1633 478 1719 508 sunt

243 528 547 576 investigationes
584 532 620 563 et
654 527 908 564 adnotationes
944 529 1016 565 huc
1049 530 1279 578 pertinentes
1318 532 1502 568 oculatiss.
1542 533 1717 569 Ehren-

244 589 357 636 berg
374 590 433 632 ³⁰),
459 593 585 623 nostro
611 592 777 636 tempore
804 588 895 624 viris
923 590 1079 626 eruditis
1106 591 1403 636 communicatae,
1430 605 1523 640 quae
1551 594 1718 631 omnibus

241 654 395 685 naturae
422 648 690 685 scrutatoribus
719 661 949 697 nequaquam
976 650 1122 699 ignotae
1143 653 1216 688 sint
1231 657 1386 701 oportet.
1438 654 1570 701 Neque
1597 660 1719 691 autem

242 709 450 757 negandum
467 722 549 746 esse
563 722 708 754 censeo,
723 711 856 746 multas
871 711 990 748 adhuc
1015 725 1076 749 res
1091 714 1195 750 nobis
1223 715 1365 759 deesse,
1393 720 1433 751 ut
1459 716 1721 752 accuratiorem

242 770 486 817 cognitionem
527 770 573 806 de
600 763 826 807 incremento
853 776 891 807 et
925 773 1143 810 formatione
1179 775 1421 812 Coralliorum
1460 776 1720 813 nanciscamur.

245 830 353 866 Haec
371 843 460 867 vero
498 831 793 880 diligentioribus
820 832 1140 881 disquisitionibus
1168 838 1363 884 explorata
1389 843 1492 882 sunt,
1519 837 1721 885 Polyparia

245 903 327 928 cum
354 905 482 929 eorum
496 893 722 929 animalculis
737 905 849 929 unum
863 900 1003 931 tantum
1020 897 1268 944 organismum
1288 898 1530 945 compositum
1558 904 1595 933 et
1612 898 1718 945 quasi

246 952 522 989 microcosmum
536 954 754 1002 plerumque
767 954 938 1000 formare,
949 956 1142 1004 polyparia
1153 969 1302 1004 quoque
1314 962 1480 992 naturam
1492 957 1627 993 habere
1643 958 1720 993 ani—

247 1014 388 1058 malem,
403 1014 570 1050 animalia
589 1015 866 1063 polypariorum
883 1021 1004 1052 autem
1020 1022 1161 1065 partem
1185 1017 1380 1053 animatam
1408 1024 1446 1053 et
1472 1018 1666 1066 polyparia
1680 1019 1723 1055 ab

242 1073 459 1109 animalibus
485 1075 665 1122 producta
692 1088 895 1124 eorumque
922 1083 1099 1125 punctum
1119 1078 1250 1120 fixum,
1278 1084 1419 1127 partem
1446 1079 1563 1127 magis
1591 1080 1718 1115 exani-

240 1147 335 1171 mem
354 1147 382 1170 s.
402 1140 581 1172 mortuam
607 1136 720 1172 totius
740 1138 937 1185 organsimi
965 1144 1002 1173 et
1019 1138 1056 1173 in
1075 1138 1200 1174 multis
1219 1139 1367 1187 quidem
1385 1137 1594 1188 zoophytis
1616 1141 1721 1188 quasi

242 1207 370 1232 eorum
399 1198 560 1233 sceleton
587 1204 878 1246 repraesentare.
930 1200 1033 1235 Ocul.
1061 1200 1341 1248 Ehrenberg
1364 1202 1412 1243 ³¹)
1442 1201 1610 1237 dissertis
1638 1214 1722 1237 ver-

245 1257 300 1292 bis
327 1257 378 1292 ita
402 1257 586 1305 loquitur:
612 1258 713 1302 „Der
732 1255 974 1295 Corallenbau
1000 1259 1049 1295 ist
1076 1259 1135 1295 ein
1154 1260 1484 1308 Familienkorper,
1512 1261 1572 1296 cin
1598 1262 1724 1297 leben-

243 1318 310 1353 der
337 1317 607 1361 Stammbaum,
643 1317 777 1354 dessen
805 1319 971 1355 einzelne
997 1321 1065 1356 auf
1089 1321 1159 1356 den
1189 1321 1418 1357 Ur-Ahnen
1447 1323 1520 1358 sort
1549 1324 1622 1359 und
1651 1324 1724 1359 fort

240 1377 477 1414 entwickelte
506 1378 646 1414 'l'hiere
672 1379 710 1414 in
738 1379 815 1416 sich
843 1381 1125 1428 abgeschlossen
1153 1382 1229 1418 und
1256 1383 1322 1418 der
1349 1384 1470 1419 vollen
1498 1383 1723 1419 selbststan-

242 1439 383 1486 digkeit
410 1439 513 1487 fahig
539 1440 642 1483 sind,
680 1441 776 1476 ohne
803 1441 858 1477 sie
885 1443 1000 1477 selbst
1026 1442 1290 1478 herbeifiihren
1318 1456 1362 1478 zu
1392 1445 1545 1480 konnen.
1572 1466 1618 1470 —
1645 1444 1723 1479 Der

241 1500 484 1536 Corallenbau
512 1500 560 1536 ist
595 1501 784 1548 genetisch
823 1502 984 1538 deutlich
1018 1516 1090 1539 nur
1118 1503 1178 1538 ein
1206 1503 1372 1538 Product
1399 1503 1466 1538 der
1504 1504 1723 1539 Selbstthei-

239 1563 328 1608 lung
367 1561 458 1597 oder
495 1561 701 1610 Knospen-
740 1563 816 1598 und
853 1563 1186 1611 Stolonenbildung
1215 1563 1281 1599 der
1316 1563 1505 1600 einzelnen
1533 1565 1721 1601 Corallen—

239 1621 572 1658 thiere“.—Sicut
591 1622 706 1671 prius,
731 1622 777 1658 ad
804 1623 983 1659 Mollusca
1010 1629 1173 1660 testacea
1200 1624 1441 1660 describenda
1470 1632 1505 1661 et
1532 1626 1568 1661 in
1597 1632 1720 1673 syste-

239 1688 334 1719 mate
353 1681 537 1730 zoologico
557 1682 821 1729 distribuenda,
842 1685 1024 1734 imprimis
1045 1686 1275 1722 cochlearum
1296 1699 1324 1722 s,
1343 1692 1520 1722 testarum
1542 1687 1719 1723 rationem

239 1743 418 1779 habebant
444 1747 595 1778 naturae
622 1744 804 1790 cultores,
844 1745 1033 1781 rarissime
1061 1751 1184 1782 autem
1212 1747 1383 1782 animalia
1410 1748 1537 1783 harum
1566 1748 1716 1791 incolae,

242 1803 398 1839 maxima
436 1814 483 1838 ex
518 1809 623 1851 parte
661 1804 863 1853 incognita,
905 1807 1217 1855 respiciebantur,
1258 1807 1369 1843 simili
1414 1808 1521 1843 modo
1560 1808 1604 1843 ad
1651 1820 1713 1843 no-

237 1872 348 1901 stram
388 1875 508 1913 usque
546 1864 625 1901 fere
657 1872 814 1903 aetatem
848 1867 884 1903 in
913 1868 1192 1905 classificatione
1220 1869 1499 1918 Zoophytorum
1537 1870 1712 1906 Coi-allio-

241 2043 288 2084 27]
312 2045 435 2076 Elenoh.
458 2046 641 2085 zoophytor.
664 2055 692 2086 p.
716 2047 762 2086 18,
784 2056 850 2087 sqq.

240 2097 287 2135 ²⁸)
310 2097 567 2137 Beobachtungen
584 2107 612 2129 u.
629 2107 653 2129 s.
669 2107 705 2129 w.
722 2107 749 2139 p.
766 2102 792 2138 7,
808 2108 874 2139 sqq.
891 2118 929 2123 —-
951 2100 1121 2132 Handbuch
1140 2110 1168 2132 u.
1184 2110 1207 2132 s.
1228 2110 1264 2132 w.
1288 2109 1314 2139 p.
1339 2102 1402 2140 3412
1427 2110 1490 2140 sqq.

243 2147 291 2186 ²⁰)
314 2148 531 2181 Observations
556 2159 608 2181 sur
630 2151 659 2181 la
682 2155 790 2183 nature
813 2156 842 2183 et
863 2152 890 2183 le
903 2153 991 2184 mode
1015 2153 1052 2184 de
1075 2155 1248 2185 croissance
1272 2154 1326 2185 des
1345 2154 1511 2192 Poly-mers.
1535 2154 1640 2183 Annal.
1665 2153 1718 2182 des

321 2201 437 2232 Scienc.
460 2206 555 2232 natur.
579 2203 660 2233 Tom.
684 2203 718 2235 X.
742 2203 898 2243 Zoologie.
942 2205 1026 2236 1838.
1050 2213 1076 2243 ρ.
1101 2205 1166 2243 3217
1190 2213 1255 2244 sqq.

241 2250 289 2289 ³⁰)
314 2251 368 2282 Die
391 2253 639 2292 Corallenthiere,
662 2258 718 2286 eto.
741 2263 768 2293 p.
793 2256 837 2294 19,
860 2264 926 2295 sqq.

242 2302 290 2340 ³¹)
315 2303 345 2333 L.
368 2303 386 2333 l.
409 2313 436 2342 p.
458 2304 505 2335 27.
