1986 2679
834 283 1056 320 ..6-

211 388 324 427 Deus
337 386 517 440 optimus
528 384 734 426 maximus
745 383 813 425 Pa
821 391 838 425 t
846 384 890 424 ri
906 399 933 438 p
943 399 967 425 a
977 390 994 424 t
1003 383 1081 424 ria
1090 398 1113 424 e
1133 383 1305 433 tribuat,
1317 383 1511 437 precibus
1522 375 1682 428 v’acate!

209 453 440 493 —Utinam
467 451 758 505 Principem
780 450 1193 500 Serenissimum,
1228 452 1498 492 Rectorem
1534 450 1679 491 Alber-

205 520 301 560 tinae
328 517 894 573 Magnificentissimum
924 533 1131 559 summum
1151 520 1316 560 Numen
1342 526 1384 558 et
1405 517 1564 559 civitati
1589 517 1678 557 uni·

205 600 334 625 versae
372 592 414 625 et
444 584 683 625 Academiae
712 591 864 624 nostrae
899 584 972 625 diu
1001 586 1139 626 adhuc
1169 585 1325 625 salvum
1360 592 1402 625 et
1431 584 1677 625 incolumem

204 653 362 693 servet!
393 653 540 692 Servet
565 665 729 705 quoque
754 651 906 692 salvam
935 658 976 692 et
996 652 1243 693 incolumem
1269 654 1309 692 in
1330 651 1555 706 longinqua
1573 657 1677 690 tem-

205 733 310 771 pora
351 716 745 758 Clementissimi
792 717 1054 771 Principis
1096 719 1372 773 Conjugem
1416 718 1676 773 Augustis·-

203 786 374 825 simam
402 784 682 833 SOPHIAM,
712 785 925 826 omnium
954 787 1302 840 Matronerum
1327 786 1560 826 eximium
1586 786 1676 824 De-

208 866 314 899 cus,
371 859 419 891 et
457 858 616 891 totam
662 851 1055 893 Illustrissimae
1105 852 1444 907 Zaringorum
1499 850 1675 892 Gentis

204 919 451 959 excelsam
483 918 861 971 Stirpeml---—

315 1059 378 1098 Te
405 1064 543 1098 autem
566 1070 710 1097 caram
735 1055 976 1096 Academiae
1006 1061 1158 1096 nostrae
1185 1057 1444 1111 juventutem
1470 1055 1674 1109 imprimis

205 1126 506 1172 adhortamur,
548 1131 594 1164 ut
636 1130 700 1164 tot
744 1129 1039 1177 tantorumque
1084 1122 1377 1163 beneficiorum
1412 1137 1436 1162 a
1478 1124 1675 1163 Summo

205 1192 443 1245 Principe
472 1191 592 1240 Tibi,
621 1191 727 1232 sicut
758 1192 957 1232 universae
984 1198 1136 1231 nostrae
1162 1190 1402 1231 Academiae
1422 1197 1463 1230 et
1499 1189 1578 1230 toti
1603 1205 1675 1243 pa-

204 1258 296 1298 triae
322 1259 580 1307 oblatorum,
611 1257 914 1306 reminiscaris,
958 1265 999 1298 et
1028 1259 1135 1298 hunc
1174 1258 1410 1298 sollemnem
1442 1264 1484 1296 et
1526 1257 1676 1296 festum

203 1326 315 1366 diem
340 1324 409 1377 pia
431 1331 638 1379 grataque
665 1331 801 1366 mente
825 1325 946 1365 colas.
1004 1325 1099 1365 Non
1121 1326 1176 1364 ad
1204 1325 1286 1364 Vos
1308 1325 1579 1371 solummodo,
1607 1323 1676 1364 Ci—

203 1407 270 1431 ves
309 1391 562 1440 academici,
606 1392 677 1446 qui
704 1387 747 1432 ⁴in
780 1399 992 1445 posterum
1036 1391 1210 1445 publicis
1251 1391 1490 1444 reipublicae
1524 1398 1675 1431 nostrae

205 1459 443 1499 muneribus
467 1459 711 1499 obedienter
740 1459 920 1499 functuri
946 1459 1057 1508 estis,
1087 1460 1160 1499 sed
1187 1457 1313 1498 etiam
1349 1458 1403 1496 ad
1429 1458 1535 1504 Vos,
1565 1464 1679 1497 exte·

205 1541 347 1566 rarum
368 1526 581 1566 civitatum
612 1526 758 1573 Filios,
806 1525 933 1565 verba
961 1524 1155 1579 facimus,
1195 1532 1241 1564 ut
1272 1523 1563 1565 beneficiorum
1591 1524 1678 1563 illo·

206 1608 297 1632 rum
320 1607 548 1642 memores,
583 1593 731 1646 quibus
765 1592 891 1633 etiam
929 1607 1090 1633 summa
1117 1591 1385 1638 liberalitate,
1408 1597 1454 1635 ut
1480 1590 1609 1629 literis
1636 1590 1676 1629 in

208 1662 284 1699 hac
314 1660 596 1701 Universitate
630 1674 802 1714 operam
832 1674 985 1701 navare
1010 1659 1196 1713 possitiS,
1226 1672 1465 1699 concessum
1495 1665 1576 1706 est,
1610 1671 1677 1696 ae-

204 1742 288 1780 quo
323 1726 460 1767 animo
490 1733 531 1768 et
563 1727 674 1767 omni
702 1727 742 1768 in
784 1727 1069 1782 Principem
1101 1733 1287 1768 nostrum
1333 1724 1675 1766 Clementissi-

206 1809 331 1834 mum
361 1794 633 1842 observantia,
665 1795 719 1835 ad
742 1797 848 1836 hunc
876 1794 987 1836 diem
1015 1795 1164 1835 festum
1199 1792 1443 1848 dignissime
1467 1790 1675 1832 celebran-

203 1861 315 1908 dum,
350 1861 486 1914 parati
516 1860 614 1901 sitis.
639 1886 690 1892 —-
715 1885 762 1891 -

319 1995 499 2035 Annales
529 1995 822 2036 Universitatis
844 1996 917 2036 has
940 1993 1034 2034 anni
1058 1991 1248 2046 proxime
1275 1991 1477 2045 praeteriti
1508 2005 1574 2031 res
1605 2007 1675 2032 no—

209 2067 300 2100 tatu
320 2061 469 2115 dignas
491 2063 716 2114 perhibent.

321 2195 761 2242 Fascesacademicas
794 2198 867 2237 Dr.
899 2196 1086 2236 Adamas
1121 2193 1256 2241 Fritz,
1298 2193 1495 2233 lCtorum
1537 2191 1674 2232 ordini

212 2261 418 2309 addictus,
439 2261 528 2303 Dri.
552 2262 771 2304 Friderico
794 2261 1060 2318 Sigismundo
1078 2260 1300 2309 Leuc-hart,
1329 2259 1466 2300 ordini
1489 2257 1676 2299 Medico-

213 2342 304 2367 rum
322 2328 547 2381 adscripto,
571 2329 756 2370 tradidit.
814 2329 973 2371 Decani
989 2341 1136 2369 munus
1158 2326 1366 2368 facultatis
1384 2326 1674 2379 theologorum
