1986 2679
857 269 1105 305 -51-

240 372 357 409 forma
383 371 577 408 transitum
605 369 710 419 quasi
737 369 783 405 ad
809 380 888 416 gen.
914 367 1163 415 Haliglossae,
1189 365 1384 406 Ehrenb.
1412 369 1581 407 formant.
1616 371 1720 408 Fun-

240 433 322 481 giae
341 445 574 482 compressae
593 432 735 467 iconem
754 442 775 466 a
793 428 1069 466 Lamarckio
1089 428 1233 465 citatam
1255 434 1292 465 et
1310 429 1348 466 in
1367 431 1431 467 cel.
1457 431 1594 468 Blain
1607 432 1721 469 ville

241 494 489 542 Actiniologia
528 497 754 537 contentam,
793 503 865 528 non
905 502 1118 539 comparare
1147 502 1318 539 possum,
1370 497 1529 530 attamen
1564 494 1721 539 credam,

242 557 334 593 hanc
359 556 531 606 speciem,
559 556 605 592 de
632 568 703 604 qua
730 555 793 590 cel.
821 553 1097 600 Ehrenberg
1123 553 1261 589 nullam
1278 552 1500 590 mentionem
1528 554 1627 601 facit,
1653 568 1720 605 po-

242 618 316 654 tius
341 617 469 666 generi
496 616 667 664 sequenti
694 615 962 665 adjungendam
991 627 1084 651 esse.
1105 636 1155 642 —

341 680 419 716 Cel.
454 679 677 715 Lamarck
717 679 755 715 in
782 690 896 727 opere
931 677 1080 726 saepius
1102 675 1180 725 jam
1214 676 1362 714 laudato
1393 676 1444 727 (p.
1470 676 1576 728 372.)
1602 679 1722 716 adhuc

243 741 350 778 aliam
377 740 489 789 hujus
515 741 663 788 generis
691 739 870 789 speciem,
902 739 1128 788 Fungiam
1155 740 1436 788 patellarem
1463 752 1597 789 nempe
1623 739 1722 789 (Μιὶω

242 803 436 852 dreporam
455 803 645 847 Patellam‚
672 801 854 837 Soland.
882 805 919 836 et
945 800 1039 845 Ell„
1067 805 1104 836 et
1130 800 1296 849 priorum
1323 801 1530 851 auctorum)
1551 803 1597 846 ¹⁶)
1626 815 1724 839 com-

244 869 439 908 memorat,
480 876 588 912 quam
622 864 890 911 Ehrenberg
928 864 971 899 ab
997 863 1068 899 hoc
1097 875 1234 911 genere
1261 861 1428 911 sejunxit
1454 869 1491 900 et
1516 877 1598 900 cum
1632 876 1725 900 non-

243 925 353 962 nullis
368 925 448 961 aliis
467 924 741 974 Madreporinis
759 925 797 960 in
816 937 951 960 novum
971 937 1100 972 genus,
1127 924 1428 972 Monomyces
1450 925 1493 961 ab
1513 937 1556 961 eo
1574 926 1725 969 dictum,

245 987 463 1032 conciliavit,
488 1000 535 1023 ex
564 1000 630 1024 sua
649 987 823 1036 opinione
842 986 1024 1035 Fungiam
1045 987 1259 1035 patellarem
1287 991 1325 1022 et
1342 986 1431 1022 alias
1448 984 1560 1035 hujus
1578 987 1725 1035 generis

243 1050 388 1099 species
417 1050 539 1099 (quasi
561 1050 727 1098 Fungias
755 1055 791 1085 et
818 1048 1104 1098 Caryophyllias
1132 1046 1313 1084 solitarias
1340 1047 1528 1097 fixasque)
1557 1055 1726 1085 constan-

246 1118 305 1148 ter
330 1112 425 1149 fixas
453 1113 642 1149 declarans
672 1111 729 1160 17).
781 1112 905 1160 Quum
934 1110 1138 1147 mediocres
1176 1113 1317 1145 tantum
1344 1121 1365 1145 a
1391 1109 1457 1145 cel.
1490 1109 1727 1146 Solander

245 1178 283 1210 et
308 1173 458 1216 Ellis,
492 1173 809 1217 Lamouroux,
843 1172 994 1221 Esper
1028 1176 1066 1207 et
1100 1170 1369 1207 Blainville
1406 1171 1508 1207 datas
1546 1171 1725 1219 imagines

244 1247 454 1283 comparare
482 1234 571 1270 mihi
598 1235 700 1279 licet,
726 1234 779 1271 nil
806 1235 897 1271 certi
924 1234 969 1270 de
996 1234 1064 1270 hac
1090 1232 1236 1282 specie,
1270 1244 1316 1269 an
1343 1232 1391 1268 sit
1417 1233 1460 1269 ab
1487 1233 1556 1269 hoc
1587 1244 1724 1282 genere

243 1297 456 1345 separanda,
479 1308 546 1332 nec
564 1308 622 1342 ne,
649 1296 871 1333 contendere
891 1296 985 1333 volo.

391 1383 543 1421 Genus:
570 1383 960 1433 Herpetolithas3
986 1383 1276 1433 Herpolitha
1297 1384 1356 1428 ¹3),
1383 1383 1604 1421 Eschsch.

343 1457 483 1505 Synon.
497 1457 655 1505 Fungia,
670 1457 702 1493 L
713 1470 733 1493 a
743 1469 800 1503 m.,
816 1457 1030 1505 Haliglossa
1039 1457 1095 1507 ¹⁰),
1122 1457 1163 1494 H
1174 1470 1194 1494 e
1205 1470 1238 1494 m
1249 1470 1274 1508 p
1284 1470 1313 1494 r.
1340 1462 1377 1494 et
1390 1457 1453 1494 Eh
1462 1471 1480 1495 r
1490 1459 1523 1495 b.
1533 1481 1580 1486 —
1595 1459 1724 1497 Germ.

244 1518 541 1567 Zungen-Stern.

345 1605 453 1648 Quod
481 1606 525 1642 ad
553 1618 612 1642 me
638 1606 780 1651 attinet,
807 1619 956 1656 semper
975 1605 1041 1655 jus
1067 1607 1168 1643 illius
1195 1611 1348 1644 naturae
1366 1607 1581 1644 scrutatoris
1608 1609 1726 1657 respi-

244 1666 316 1712 cio,
348 1667 411 1716 qui
438 1666 581 1716 primus
609 1667 668 1703 his
696 1668 756 1704 vel
783 1667 857 1704 illis
884 1667 1126 1712 animalibus,
1152 1667 1310 1717 aliisque
1336 1667 1551 1716 corporibus
1579 1674 1725 1705 natura-

249 1828 293 1865 16)
316 1828 404 1860 Char.
427 1829 456 1859 F.
479 1829 635 1867 patellaris
657 1829 779 1868 specis.:
802 1829 1071 1867 Polyparium:
1099 1828 1293 1869 Orbiculare,
1315 1829 1423 1861 subtus
1445 1831 1596 1870 mutinum,
1619 1831 1723 1862 radia-

327 1882 378 1912 tim
401 1882 554 1919 striatum;
577 1881 665 1911 stella
687 1881 856 1921 planulata3
878 1881 1006 1912 lamellis
1029 1881 1251 1921 inaequalibus,
1272 1882 1368 1913 latere
1389 1883 1553 1914 muricatis.
1576 1882 1668 1913 Lam.

406 1933 573 1964 Animal:
597 1935 741 1972 ignotum.

366 1984 655 2016 Habitaculum:
676 1985 761 2014 Mare
783 1984 915 2015 indicum
938 1987 967 2016 et
987 1985 1246 2016 mediterraneum
1269 1985 1355 2025 (ΥΒ).

365 2037 550 2069 Lamarck
572 2037 671 2068 adhuc
693 2037 731 2068 de
753 2038 810 2069 hac
831 2038 943 2077 specle,
965 2037 1116 2070 interdum
1139 2037 1312 2077 pediculum
1334 2035 1442 2069 subtus
1457 2036 1571 2068 habere
1594 2037 1723 2072 brevem.

325 2094 416 2122 notat.

251 2142 295 2179 ¹²)
318 2142 567 2192 Corallcntliiere.
590 2150 617 2181 p.
640 2143 686 2172 77.

250 2194 293 2231 ¹⁸)
315 2194 431 2224 Nomen
452 2195 509 2225 hoc
531 2195 596 2224 sine
619 2193 710 2224 dubio
732 2195 930 2233 compositum
953 2198 999 2226 est
1021 2204 1038 2226 a
1060 2194 1162 2227 verbis
1184 2196 1304 2235 graecis
1326 2193 1426 2239 ἕρπω,
1444 2203 1545 2234 serpo,
1568 2199 1596 2226 et
1617 2194 1720 2233 λιθεὲς

327 2255 350 2276 s.
372 2246 475 2285 λίθος,
497 2246 583 2285 lapis.
624 2246 746 2278 Rectius
768 2248 859 2286 igitur
879 2256 990 2279 nomen
1023 2248 1357 2288 „Herpetolithas“
1387 2256 1477 2288 quam
1507 2248 1719 2288 ‚‚Herpolitha“

328 2306 397 2329 esse
421 2298 519 2330 debet.

253 2351 297 2390 ¹⁹)
322 2351 495 2390 Composita
516 2360 534 2382 a
555 2352 657 2383 verbis
681 2349 768 2391 ἱέλς,’
778 2362 870 2393 mare,
895 2358 923 2386 et
945 2355 1093 2397 γλῶσσα,
1116 2354 1228 2394 lingua.
