1986 2679
858 258 1102 296 -η-

250 356 545 394 distributionem
568 357 813 400 ¹Coralliorum
852 356 1042 406 physicam
1070 359 1221 404 attinet,
1259 361 1457 399 notandum
1487 369 1562 408 est,
1601 367 1721 402 omnia

247 416 320 452 huc
347 418 566 465 pertinentia
593 417 760 453 animalia
787 430 910 466 aquaS‚
938 417 1117 466 imprimis
1144 424 1267 455 autem
1296 422 1407 457 maria
1427 428 1547 460 terrae
1574 425 1721 462 diversa

250 477 464 521 inhabitare,
491 479 577 514 dum
598 478 841 527 paucissimae
868 483 1008 514 tantum
1029 491 1155 515 eorum
1183 480 1328 528 species
1357 482 1392 517 in
1421 484 1526 531 aquis
1554 486 1722 523 dulcibus

250 544 453 581 versantur,
480 551 513 573 v.
531 551 565 586 g.
591 539 738 586 generis
766 539 1008 583 Cristatellae,
1036 540 1274 588 Alcyonellae
1303 547 1339 577 et
1367 543 1606 582 Plumatellae
1635 560 1719 595 spe—

248 598 333 634 cies.
360 599 402 635 In
424 599 688 635 diversissimis
708 605 829 635 autem
850 599 1002 635 marium
1022 601 1336 647 profunditatibus
1364 603 1513 651 degunt.
1540 606 1721 644 Maximas

247 671 333 694 vero
370 659 522 695 marium
556 659 827 707 profunditates
855 664 892 695 et
926 660 1039 696 altum
1068 672 1165 696 mare
1200 663 1418 711 plerumque
1448 677 1519 700 non
1559 666 1718 703 incolere

247 720 437 763 videntur,
465 720 645 769 imprimis
675 721 720 756 ad
745 732 826 756 oras
855 726 1050 756 versantur
1074 726 1184 769 atque
1209 722 1246 758 in
1274 724 1427 760 marium
1454 726 1553 762 saxis
1582 728 1721 764 vivunt.

245 780 349 816 Adeo
376 781 720 818 Pennatulariorum
758 794 786 817 s.
813 782 1101 830 Halopteridum
1129 784 1293 831 species,
1323 799 1416 834 quae
1445 788 1481 823 in
1511 789 1598 825 mari
1627 791 1718 827 nulli

246 841 299 876 rei
327 842 463 878 affixae
491 849 578 878 sunt
604 851 640 878 et
667 843 704 879 in
733 843 848 879 fundo
877 843 986 879 maris
1015 844 1163 888 vivunt,
1191 857 1396 893 nunquam,
1425 853 1465 884 ut
1492 850 1656 894 credam,
1682 850 1719 886 in

245 903 385 950 magnis
411 904 725 952 profunditatibus
754 905 1007 952 reperiuntur,
1035 905 1121 953 quia
1148 905 1349 954 piscatores
1376 909 1609 956 potissimum
1637 925 1718 948 cum

245 963 400 1007 Ostreis,
428 966 760 1014 Cephalopodibus,
788 967 1058 1010 PleuronectiS,
1086 968 1437 1016 eprofunditatibus
1464 970 1722 1011 mediocribus,

245 1026 340 1072 quod
380 1027 595 1075 saepissime
630 1028 667 1063 in
704 1029 793 1064 mari
821 1028 1091 1064 mediterraneo
1128 1028 1215 1072 vidi,
1243 1042 1303 1065 eas
1337 1030 1497 1078 capiunt.
1559 1032 1720 1069 Maxima

243 1087 487 1123 Coralliorum
515 1089 618 1137 copia
647 1089 891 1138 propinquius
919 1090 963 1125 ad
993 1089 1101 1124 maris
1138 1090 1372 1138 superficiem
1401 1104 1507 1139 quam
1536 1094 1580 1130 ad
1609 1095 1717 1130 maris

244 1149 531 1195 profunditatem
559 1150 687 1186 vivere
715 1152 829 1196 solet,
857 1144 1054 1199 praecipue
1082 1156 1203 1187 autem
1232 1151 1268 1187 in
1298 1152 1402 1188 vadis
1431 1159 1467 1189 et
1493 1154 1529 1189 in
1559 1155 1717 1202 regioni<

243 1209 308 1244 bus
342 1210 491 1246 marinis
518 1212 680 1256 saxosis,
720 1212 756 1248 in
794 1212 926 1260 quibus
965 1212 1120 1260 rupibus
1155 1213 1341 1249 adhaeret.
1406 1214 1519 1250 Plura
1560 1215 1717 1251 Cor-allia

243 1283 388 1318 quoque
422 1272 459 1306 in
497 1273 647 1320 regione
685 1275 859 1324 Algarum
898 1275 1162 1321 Fucorumque
1202 1275 1312 1310 vitam
1346 1275 1494 1322 degunt.
1553 1276 1596 1311 In
1627 1277 1715 1312 mari

242 1332 351 1368 rubro
391 1333 633 1369 Coralliorum
660 1347 805 1370 scamna
846 1335 1197 1379 (Korallenb'anke),
1237 1340 1331 1371 teste
1367 1336 1716 1385 Ehrenbergio,

241 1392 408 1441 inprimis
435 1393 470 1429 in
493 1394 656 1430 littorum
688 1395 876 1431 vicinitate
904 1395 1155 1431 inveniuntur.
1209 1395 1289 1431 Non
1320 1397 1437 1432 solum
1465 1404 1586 1433 autem
1617 1399 1716 1434 saxis

240 1459 277 1488 et
302 1453 484 1502 lapidibus
512 1455 682 1498 Corallia,
708 1456 773 1491 sed
802 1456 911 1491 etiam
940 1456 1063 1491 multis
1091 1455 1171 1491 aliis
1200 1458 1308 1492 rebus
1335 1458 1448 1494 affixa
1475 1464 1569 1494 sunt.
1600 1459 1716 1495 Multa

241 1515 453 1562 Conchyliis
480 1516 646 1565 ipsisque
661 1518 870 1553 Crustaceis
893 1518 1111 1566 (praecipue
1127 1517 1164 1553 in
1187 1517 1371 1554 nonnullis
1393 1518 1586 1566 speciebus
1603 1521 1716 1556 Crus—

241 1581 422 1612 taceorum
451 1578 766 1625 brachyurorum,
806 1578 842 1614 in
871 1577 981 1626 Majis
1008 1592 1039 1614 e.
1066 1592 1120 1627 g„
1148 1578 1232 1615 talia
1259 1579 1426 1616 animalia
1454 1580 1535 1629 ipse
1562 1582 1715 1629 reperi),

240 1642 306 1672 etc.
333 1637 506 1675 insident.
557 1639 738 1676 Diversae
776 1640 918 1689 species
947 1646 983 1676 et
1009 1640 1045 1676 in
1074 1641 1154 1677 aliis
1190 1642 1319 1683 rebus,
1358 1654 1452 1689 quae
1491 1642 1641 1677 fortuito
1678 1642 1714 1677 in

239 1710 337 1734 mare
363 1697 588 1747 injiciuntur,
616 1713 650 1736 v.
676 1713 709 1748 g.
736 1701 773 1736 in
801 1700 951 1748 lagenis,
979 1706 1045 1736 cet.
1074 1701 1258 1743 sedentes,
1283 1701 1536 1737 observantur.

338 1760 449 1809 Quod
467 1762 510 1797 ad
527 1761 822 1798 distributionem
847 1762 1089 1798 Coi-alliorum
1118 1761 1397 1810 geographicam
1414 1762 1586 1810 pertinet,
1607 1763 1644 1798 in
1672 1776 1713 1798 ea

239 1832 385 1868 quoque
413 1822 614 1858 communis
642 1823 912 1859 distributionis
940 1824 1000 1859 lex
1020 1822 1185 1859 adhiberi
1204 1828 1338 1871 potest,
1365 1835 1558 1860 numerum
1588 1837 1711 1861 earum

238 1882 445 1931 specierum
475 1888 512 1918 et
525 1896 736 1931 generuma
756 1884 1069 1932 septentrionibus
1096 1884 1141 1919 ad
1157 1883 1348 1919 meridiem
1377 1883 1514 1931 augeri,
1542 1889 1578 1919 et
1605 1884 1640 1921 in
1657 1899 1711 1921 re-

236 1944 405 1991 gionibus
445 1944 679 1981 calidioribus
707 1950 744 1981 et
771 1945 885 1993 magis
912 1944 1134 1981 australibus
1174 1944 1372 1981 maximum
1403 1957 1474 1980 non
1503 1947 1620 1981 solum
1648 1959 1711 1993 gea

237 2018 364 2041 nerum
406 2010 442 2041 et
488 2007 695 2054 specierum
735 2007 801 2043 sed
842 2006 950 2042 etiam
989 2005 1265 2041 individuorum
1305 2018 1499 2042 numerum
1541 2006 1710 2043 inveniri.

235 2066 394 2103 Tantum
414 2066 591 2103 Familiae
610 2067 922 2104 Sertularinorum
945 2072 982 2104 et
1001 2066 1278 2110 Cellarinorum,
1297 2065 1365 2101 etsi
1382 2078 1448 2114 per
1460 2066 1578 2102 onmia
1599 2067 1710 2103 maria

237 2127 454 2164 distributae
469 2136 567 2171 sunt,
581 2141 628 2165 ex
643 2129 804 2176 haclege
827 2133 1005 2177 exceptae
1023 2140 1105 2164 esso
1120 2127 1304 2163 videntur.
1332 2127 1408 2163 Cel.
1423 2127 1534 2163 Otto
1550 2128 1710 2164 Fabri-

237 2188 336 2224 cius
362 2189 399 2225 in
427 2190 556 2227 Fauna
582 2191 839 2239 groenlandica
857 2193 906 2235 ³⁶)
926 2190 1081 2227 30-40
1107 2188 1252 2238 species
1279 2199 1453 2224 verorum
1466 2188 1707 2225 Goralliorum

237 2310 281 2346 ³¹5)
305 2311 431 2342 Hasniae
454 2316 483 2343 et
524 2313 603 2352 Lips.
629 2314 712 2345 1780.
733 2315 760 2346 8.
784 2323 811 2354 p,
833 2315 900 2353 427,
923 2323 989 2354 sqq.
