1986 2679
853 256 1101 293 -11-

240 365 407 397 servator
424 363 461 395 et
478 356 642 394 medicus
660 355 938 402 francogallicus
964 356 1315 403 Peyssonnel⁷)‚
1343 356 1399 392 vir
1426 356 1607 404 egregius,
1635 358 1711 405 pri-

243 435 325 458 mus
355 420 434 464 fuit,
462 419 525 468 qui
556 430 650 454 anno
674 416 774 452 1725
794 415 965 452 fabricam
993 422 1031 452 et
1057 424 1223 453 naturam
1255 417 1495 454 Coi-alliorum
1521 418 1713 454 animalem

241 480 541 523 evidentissime,
582 478 635 514 uti
663 477 830 513 omnibus
863 482 1011 521 notum,
1051 477 1326 513 demonstravit.
1379 477 1464 522 Sed,
1492 479 1588 526 quod
1615 479 1714 516 haud

239 555 321 579 raro
350 542 386 578 in
414 540 520 576 novis
549 538 817 575 detectionibus
845 539 1011 574 accidere
1037 539 1140 583 solet,
1168 547 1210 575 ut
1236 551 1365 575 verum
1393 551 1465 574 non
1492 551 1708 586 agnoscere-

240 611 319 647 tur,
348 603 477 639 eodem
505 601 612 637 modo
639 600 748 636 etiam
776 611 835 635 res
862 612 928 647 per
955 599 1103 648 aliquod
1130 607 1278 648 tempus
1306 600 1343 635 in
1370 599 1486 648 priori
1513 605 1611 636 statu
1638 613 1714 637 ma·

244 665 352 700 nebat
378 669 415 699 et
431 662 588 698 Corellia
615 661 650 697 in
680 658 939 708 vegetabilium
967 673 1079 708 regno
1107 662 1351 709 ponebantur.
1404 661 1542 696 Excell.
1569 660 1713 698 Reau-

239 736 332 760 mur
352 723 458 759 initio
474 721 751 758 observationes
767 721 1088 767 Peyssonellianas
1106 722 1342 758 incredibiles
1364 734 1446 757 esse
1461 722 1717 765 arbitrabatur3

238 790 367 833 postea
395 790 539 826 autem,
566 781 886 830 disquisitionibus
915 782 1072 829 egregiis
1099 795 1119 818 a
1147 783 1213 818 cel.
1240 783 1495 830 Trembley
1533 783 1571 819 in
1597 783 1713 831 Poly-

237 846 297 894 pis
325 858 440 894 aquae
469 844 600 886 dulcis,
626 842 845 892 praesertim
873 842 910 878 in
938 843 1085 890 Hydris
1113 849 1150 879 et
1176 844 1397 880 Plumatella
1423 844 1580 888 cristata,
1608 844 1713 880 insti-

237 906 350 951 tutis,
395 906 515 941 eidem
556 905 641 941 illae
679 904 955 940 observationes
1008 905 1087 940 sere
1115 906 1302 953 neglectae
1350 905 1484 941 iterum
1525 905 1561 940 in
1608 918 1708 941 men-

235 975 311 1003 tem
346 972 538 1002 revocatae
583 972 687 1009 sunt,
724 966 835 1014 idque
875 967 1011 1002 factum
1040 972 1118 1010 est,
1163 971 1359 1014 postquam
1401 978 1473 1002 non
1502 967 1632 1002 solum
1667 967 1712 1002 de

237 1027 460 1075 polyporum
496 1038 611 1074 aquae
638 1025 755 1061 dulcis
782 1025 931 1073 (quibus
971 1039 1103 1062 nornen
1139 1027 1370 1075 Polyporum
1405 1027 1608 1076 (Polypes)
1636 1028 1712 1075 pri-—

239 1101 320 1124 mus
360 1088 489 1136 dedit),
517 1088 582 1123 sed
620 1087 728 1122 etiam
757 1087 802 1122 de
838 1087 1078 1123 Coralliorum
1109 1087 1254 1123 animali
1283 1092 1411 1124 natura
1452 1088 1521 1124 sibi
1560 1100 1713 1137 persua-

236 1149 302 1194 sit3
339 1161 382 1185 eo
422 1148 555 1196 magis,
591 1148 690 1196 quod
717 1147 825 1183 etiam
860 1160 953 1184 anno
1004 1148 1101 1184 1742
1144 1149 1421 1185 observationes
1469 1150 1534 1185 cel.
1570 1150 1713 1196 Peys-

234 1211 395 1246 sonnel
423 1209 740 1257 disquisitionibus
767 1210 946 1245 accuratis
973 1210 1104 1246 summi
1133 1219 1285 1246 naturae
1305 1211 1520 1246 scrutatoris
1547 1211 1713 1249 Bernh.

235 1272 288 1307 de
326 1270 547 1314 Jussieu,
599 1271 635 1306 in
675 1271 748 1306 oris
790 1271 1033 1307 Non-mamilae
1074 1272 1277 1316 institutis,
1321 1277 1357 1307 et
1417 1273 1712 1320 indagationibus

237 1332 437 1368 doctissim.
464 1332 723 1376 Guettard,
774 1332 810 1367 in
851 1332 1035 1369 littoribus
1070 1334 1261 1369 Pictoniae
1296 1332 1468 1382 (Poitou)
1508 1333 1545 1370 in
1586 1335 1712 1370 Coral-

233 1394 292 1430 liis
310 1394 427 1437 sactis,
454 1394 592 1442 optime
607 1393 842 1430 confirmatae
865 1401 969 1430 erant
987 1397 1029 1438 ⁰).
1059 1396 1245 1431 Celeberr.
1264 1394 1347 1431 Itali
1368 1395 1602 1431 vitaliano
1630 1395 1712 1431 Do-

235 1455 329 1491 nati
371 1467 517 1503 quoque
566 1454 870 1502 investigationes
918 1457 1105 1504 egregiae,
1150 1457 1187 1492 in
1233 1457 1322 1492 mari
1366 1457 1542 1493 adriatico
1582 1458 1711 1500 factae,

239 1519 403 1552 naturam
444 1514 685 1551 Coralliorum
722 1515 913 1552 animalem
952 1523 1055 1553 extra
1094 1530 1238 1553 omnem
1276 1523 1480 1565 posuerunt
1515 1518 1711 1553 dubitatio-

313 1675 414 1704 n‘eloit
435 1676 517 1713 point
539 1683 579 1705 un
601 1675 707 1714 simple
730 1684 813 1706 amas
837 1675 874 1706 de
895 1684 966 1707 sues
989 1676 1025 1707 de
1049 1677 1169 1715 Tartre,
1192 1678 1242 1716 qui
1264 1685 1297 1707 se
1319 1676 1467 1715 peninon,
1491 1676 1565 1707 dans
1589 1677 1617 1707 le
1639 1678 1710 1708 fond

312 1725 349 1755 de
371 1725 399 1755 la
416 1734 488 1764 mer,
510 1730 539 1756 et
561 1735 581 1764 y
602 1728 719 1764 prenoit
743 1726 796 1756 des
819 1726 930 1765 figures
953 1726 1088 1758 diverses
1110 1728 1196 1758 selon
1215 1728 1242 1757 le
1265 1727 1385 1758 hazard.
1407 1728 1442 1758 Je
1465 1728 1511 1758 sus
1534 1729 1710 1759 moi-meme

313 1777 388 1807 dans
412 1785 445 1807 ce
468 1777 567 1816 doute,
589 1786 637 1808 me
660 1777 783 1808 fundant
804 1786 857 1808 sur
880 1778 1028 1816 quelques
1052 1777 1262 1808 observations
1287 1786 1346 1817 que
1364 1778 1472 1816 j'avois
1495 1780 1591 1818 saites,
1608 1783 1669 1811 etc.

257 1828 285 1864 ⁷)
308 1828 508 1867 Philosophia.
532 1829 688 1859 Transaot.
711 1829 775 1859 Vol.
798 1831 845 1859 47.
868 1829 962 1859 Lond.
987 1830 1070 1859 1753.
1093 1831 1120 1859 4.
1143 1838 1172 1868 p.
1193 1831 1260 1859 445.
1284 1830 1369 1860 Cous.
1393 1829 1600 1869 Flourens,
1622 1832 1708 1861 Ana-

313 1879 379 1918 lyse
411 1879 479 1910 d'un
509 1888 623 1919 ourage
664 1881 829 1910 manuscrit
858 1880 991 1910 intitule:
1029 1881 1130 1911 Traite
1160 1881 1199 1911 du
1228 1881 1345 1919 Corail‚
1377 1884 1541 1912 contenant
1562 1882 1607 1913 les
1630 1891 1708 1914 nou-

313 1930 406 1960 velles
436 1930 633 1962 decouvertes
664 1932 753 1970 qu'on
782 1941 800 1962 a
828 1933 917 1963 saites
949 1941 1002 1963 sur
1029 1933 1056 1962 le
1086 1933 1194 1972 corail,
1224 1933 1269 1963 les
1295 1941 1399 1972 pores,
1427 1933 1471 1965 les
1500 1933 1705 1973 madrepores.

314 1982 457 2012 escharas
480 1987 551 2021 ete,
573 1992 628 2022 par
648 1983 677 2014 le
699 1985 782 2014 sieur
807 1983 844 2014 de
867 1984 1124 2022 Peyssonnel.
1165 1985 1272 2016 Annal.
1296 1984 1350 2016 des
1370 1985 1485 2016 Scieno.
1508 1989 1604 2016 natur.
1626 1986 1707 2016 Tom.

316 2033 363 2063 IX.
407 2033 560 2072 Zoologie.
583 2034 680 2066 Paris.
704 2036 789 2066 1838.
810 2036 838 2066 8.
860 2045 888 2075 p.
911 2037 976 2075 343,
1000 2045 1067 2075 sqq.

255 2086 284 2121 Β)
306 2085 466 2117 Memoires
489 2094 566 2125 pour
588 2088 685 2117 servir
706 2087 722 2117 ὲ
743 2088 831 2119 l‘liist.
855 2087 923 2118 d'un
945 2096 1040 2127 genre
1063 2087 1099 2118 de
1122 2087 1237 2127 Polype
1261 2086 1348 2118 d'eau
1370 2087 1478 2128 donce,
1508 2092 1562 2120 etc.
1606 2089 1705 2119 Leidc.

314 2137 399 2167 1744.
420 2138 447 2167 4.

256 2187 284 2222 ⁹)
308 2187 350 2218 Cs.
373 2188 571 2228 Reaumur‚
600 2189 760 2221 Memoires
788 2199 865 2230 pour
888 2193 985 2223 servir
1008 2192 1023 2222 ἐι
1047 2192 1133 2222 l'liist.
1163 2191 1216 2223 des
1246 2192 1388 2223 Insectes.
1421 2193 1501 2224 Tom.
1535 2193 1581 2223 Vl.
1609 2192 1701 2224 Paris.

314 2239 397 2270 1742.
420 2241 446 2270 4.
488 2240 622 2272 Preface.
644 2250 673 2280 p.
697 2243 729 2272 51
750 2260 788 2264 ——
806 2244 854 2274 Sl.
897 2244 962 2275 vid.
984 2253 1104 2284 quoque
1137 2244 1314 2284 Jussieu,
1346 2246 1376 2276 in
1405 2244 1491 2276 Elem.
1527 2243 1563 2275 de
1595 2244 1704 2275 l'Acad.

314 2290 363 2320 des
385 2291 432 2321 Sc.
457 2291 493 2322 de
514 2292 607 2324 Paris.
651 2293 718 2324 Par.
743 2296 826 2327 1742.
849 2297 877 2327 4.
