1986 2679
861 277 1110 314 -13-

245 378 485 421 enumeravit,
497 389 586 426 quas
601 376 774 424 egreg.0.
790 375 832 412 F.
847 376 887 412 M
898 377 960 412 fill
971 389 1018 413 er
1030 376 1067 412 in
1090 376 1295 413 Prodromo
1308 377 1504 426 Zoologiae
1514 379 1662 416 danicae
1674 381 1723 425 37)

242 442 370 491 paucis
397 445 536 476 tantum
565 438 762 488 speciebus
789 437 902 474 auxit.
955 437 1018 473 Me
1045 437 1220 486 operibus
1255 438 1406 486 anglicis
1445 439 1721 481 recentioribus,

243 501 424 551 imprimis
451 501 517 537 cel.
545 500 801 547 Flemming
827 499 970 535 British
987 498 1153 535 Animals
1180 504 1217 535 et
1235 501 1301 536 cel.
1321 500 1369 537 G.
1386 500 1621 537 Johnston
1646 500 1720 538 Hi-

243 570 346 611 story
372 563 414 598 of
427 561 569 598 British
590 560 806 609 Zoophytes
829 559 1074 609 (Edinburgh.
1092 559 1225 609 1838),
1251 565 1293 597 ut
1310 573 1534 609 cognoscam,
1561 566 1651 610 quot
1667 567 1721 598 ta-

243 625 333 661 lium
370 623 582 660 animalium
619 634 713 670 quae
746 623 818 658 huc
856 621 1068 670 pertinent,
1105 621 1145 658 in
1171 622 1246 658 oris
1280 622 1431 670 anglicis
1469 622 1718 665 inveniantur,

243 690 508 722 enumerentur
535 689 571 719 et
591 682 667 733 jam
696 682 881 731 descripta
908 683 992 727 sint,
1020 682 1073 718 uti
1092 695 1165 719 non
1183 695 1310 732 posse,
1338 684 1577 720 vehementer
1604 683 1720 719 doleo.

244 747 377 794 Egreg.
404 745 526 781 Ellis
545 747 594 786 38)
622 749 744 781 autem
772 744 824 780 50
852 765 900 771 -
926 744 978 780 60
1005 745 1246 781 Coralliorum
1271 745 1434 795 species,
1472 745 1510 781 in
1536 745 1720 782 littoribus

243 807 455 845 britannicis
472 811 508 843 et
533 806 731 843 hibernicis
758 806 951 851 inventas,
971 804 1049 855 jam
1077 806 1286 856 descripsit.
1312 807 1355 844 Id
1384 807 1624 844 Coralliorum
1657 818 1721 855 ge-

242 882 323 914 nuS‚
349 867 455 917 cujus
482 868 662 917 plurimae
689 867 833 916 species
858 867 898 903 in
924 867 1086 904 maribus
1104 867 1219 916 magis
1246 867 1594 916 septentrionalibus
1612 878 1721 915 repe-

242 931 412 974 riuntur,
449 935 507 966 est
533 930 629 967 Gen.
656 929 941 966 Sertulariarum
969 929 1118 974 Linn.,
1159 934 1196 965 et
1232 928 1479 965 Fabricius
1518 940 1642 963 earum
1677 928 1720 970 9,

244 992 389 1029 Linne
407 991 455 1039 ³⁹)
481 996 603 1027 autem
630 991 679 1026 17
705 990 848 1039 species
875 991 1115 1034 enumeravit,
1142 990 1230 1026 dum
1256 988 1379 1025 Ellis
1406 988 1500 1024 circa
1517 987 1569 1023 28
1592 988 1721 1023 Sertu—

244 1053 417 1089 lariarum
445 1056 481 1088 et
508 1051 653 1088 circiter
684 1052 731 1088 14
759 1052 1042 1088 Cellulariarum
1068 1051 1225 1100 species,
1253 1062 1346 1098 quae
1373 1054 1582 1098 postremae
1609 1060 1628 1084 a
1656 1048 1720 1083 cel.

244 1113 394 1150 Linne
432 1113 558 1161 generi
586 1113 875 1150 Sertulariarum
903 1114 1135 1157 addicuntur,
1163 1111 1370 1160 descripsit.
1422 1110 1499 1146 Cel.
1527 1106 1720 1155 Oliviw)

243 1174 389 1211 circiter
415 1174 466 1209 40
502 1174 745 1210 Coralliorum
772 1174 916 1223 species
949 1175 987 1210 in
1023 1174 1113 1210 mari
1151 1173 1327 1210 adriatico
1355 1172 1490 1219 degere
1529 1170 1634 1207 nobis
1661 1170 1719 1206 in-

245 1235 400 1278 dicavit,
440 1247 593 1283 quarum
624 1235 672 1270 16
706 1236 849 1284 species
885 1235 1172 1272 Sertulariarum
1208 1238 1500 1283 cognoscuntur,
1538 1238 1576 1268 et
1607 1232 1673 1267 cel.
1699 1243 1719 1266 a

245 1295 458 1332 Martens
480 1298 529 1341 4¹)
568 1296 665 1332 inter
690 1296 742 1332 40
769 1303 806 1332 et
832 1297 883 1332 50
919 1296 1160 1333 Coralliorum
1199 1295 1342 1344 species
1377 1292 1595 1337 nominavit,
1629 1304 1718 1340 qua-

245 1369 326 1393 rum
347 1357 391 1392 ll
412 1356 563 1405 proprie
591 1357 644 1393 sic
670 1357 788 1393 dictae
816 1357 1098 1394 Sertulariariae
1125 1362 1212 1393 sunt
1238 1361 1275 1392 et
1301 1355 1325 1391 6
1353 1354 1599 1396 Cellulariae,
1627 1365 1719 1401 quae

244 1417 469 1467 posteriores
496 1430 515 1453 a
534 1419 599 1454 cel.
627 1418 775 1461 olivi,
802 1418 895 1454 duce
928 1419 1130 1462 Linneo,
1157 1416 1371 1453 Sertulariis
1391 1414 1599 1463 adscriptae
1624 1421 1719 1449 sunt.

246 1479 449 1514 Praeterea
477 1478 678 1515 Martens
713 1479 832 1514 adhuc
862 1479 958 1515 inter
989 1479 1078 1515 alias
1106 1477 1317 1526 Gorgoniae
1345 1476 1506 1525 speciem
1537 1474 1604 1518 (G.
1632 1475 1721 1510 mol-

245 1538 313 1582 lis,
350 1540 481 1584 Pall.)
518 1544 555 1574 et
581 1539 719 1574 Isidem
754 1540 913 1575 nobilem
954 1540 1180 1582 dinumerat,
1221 1549 1374 1586 quarum
1408 1538 1496 1572 haec
1531 1536 1568 1571 in
1599 1535 1720 1571 littore

246 1599 438 1635 dalmatico
465 1598 625 1635 inveniri
652 1599 798 1636 dicitur.
834 1601 1052 1648 Quanquam
1082 1611 1180 1635 mare
1208 1598 1514 1635 mediterraneum
1536 1594 1612 1644 jam
1640 1607 1719 1631 sae—

243 1659 396 1708 pissime
434 1672 454 1695 a
488 1664 640 1696 naturae
679 1661 944 1697 scrutatoribus
982 1661 1213 1709 exploratum
1248 1665 1327 1703 est,
1374 1663 1495 1694 tamen
1535 1657 1718 1704 Zoologis,

247 1733 341 1768 quae
368 1727 405 1756 et
432 1728 521 1768 quot
539 1721 697 1757 corallia
723 1721 760 1757 in
788 1734 831 1757 eo
861 1722 997 1765 vivant,
1025 1721 1186 1757 nondum
1215 1720 1304 1756 satis
1331 1725 1457 1756 notum
1485 1724 1551 1762 est,
1579 1722 1615 1754 et
1640 1722 1711 1753 tan-

247 1786 323 1816 tum
352 1781 516 1828 singulae
542 1787 665 1830 partes
693 1783 892 1830 europaei‚
930 1781 1150 1831 praesertim
1178 1780 1423 1829 francogallici
1451 1785 1488 1816 et
1523 1779 1633 1815 italici
1659 1778 1719 1813 lit—

247 1841 337 1877 toris
365 1841 463 1878 illius
492 1843 600 1878 maris
627 1844 769 1879 amoeni
797 1843 1064 1891 quodammodo
1091 1842 1296 1878 accuratius
1324 1841 1489 1889 cognitae
1517 1845 1613 1876 sunt.
1639 1839 1719 1886 Ego

248 1902 330 1951 ipse
356 1915 472 1950 prope
498 1909 643 1951 portum
672 1909 709 1939 et
735 1905 913 1952 oppidum
946 1905 1075 1949 Ceae,
1108 1915 1220 1952 quum
1248 1902 1298 1938 ibi
1326 1902 1590 1944 commorabar,
1625 1899 1719 1935 circa

248 1963 299 1998 20
326 1963 567 1999 Coralliorum
595 1964 750 2012 species,
780 1965 912 2013 reperi.
947 1965 1023 2000 Cel.
1051 1964 1221 2002 Marcel
1249 1963 1301 1999 de
1327 1962 1488 1999 Serres
1506 1960 1553 2009 ⁴²)
1580 1966 1717 1996 tantum

249 2057 296 2095 ³⁷)
319 2058 412 2088 Havn.
437 2059 522 2089 1776.
543 2060 570 2090 S.
593 2068 619 2098 p.
646 2060 711 2099 251,
733 2068 800 2099 sqq.

253 2108 300 2148 ³⁶³)
322 2110 355 2139 In
377 2109 441 2140 libr.
466 2112 512 2140 cit.

250 2159 298 2199 ³⁹)
321 2160 423 2191 Fauna
444 2162 573 2191 suecica.
596 2161 673 2192 Edit.
696 2162 800 2193 altera.
823 2162 1055 2193 Stockholmiae.
1085 2162 1170 2193 1761.
1191 2162 1219 2192 8.
1242 2171 1268 2201 p.
1292 2161 1358 2200 536,
1371 2168 1437 2200 sqq.

253 2211 297 2247 ¹¹⁰)
320 2212 465 2251 Zoologia
480 2212 639 2243 adriatica.
661 2213 807 2244 Bassano.
831 2214 916 2244 1792.
937 2215 965 2244 4.
988 2222 1014 2252 p.
1038 2214 1103 2253 207,
1126 2221 1193 2252 sqq.

252 2263 296 2299 4¹)
320 2263 408 2293 Reise
430 2264 508 2294 nach
530 2264 675 2302 Venedig.
719 2265 802 2294 Theil
826 2265 851 2295 2.
874 2265 950 2295 Ulm.
974 2266 1058 2295 1824.
1079 2265 1106 2295 8.
1129 2273 1157 2303 p.
1181 2264 1245 2301 227,
1267 2271 1333 2302 sqq.

252 2314 296 2350 ⁴2]
318 2315 406 2344 Essai
428 2323 504 2352 pour
527 2316 623 2345 servir
646 2315 662 2345 a
683 2315 826 2346 l'histoire
849 2316 903 2347 des
926 2317 1075 2346 Animaux
1097 2315 1137 2346 du
1158 2314 1229 2345 Midi
1253 2314 1288 2344 de
1311 2314 1339 2343 la
1361 2313 1483 2342 France.
1527 2311 1718 2341 Paris.1822.

329 2367 354 2395 4.
378 2374 404 2404 p.
419 2366 464 2395 81.
