1986 2679
862 277 1106 315 ..34-

341 377 416 413 Cel.
443 376 733 412 Lamouroux
760 375 988 412 characteres
1001 387 1083 424 gen.
1110 375 1277 424 Fungiae
1302 388 1324 413 a
1351 376 1625 414 Lam‘arckio
1647 377 1710 413 da-

242 444 298 474 tos
324 437 484 486 repetiit.

342 496 584 539 Dumeril,
622 496 872 541 Goldfuss,
897 496 1042 541 Oken,
1079 496 1332 542 Latreille‚
1373 497 1642 534 Blainville
1677 504 1713 534 et

242 559 347 596 multi
374 559 436 595 alii
459 564 611 595 naturae
638 560 797 595 cultores
823 557 1049 594 recentiores
1077 557 1395 595 Lamarckium
1422 559 1539 596 secuti
1566 563 1653 595 sunt
1678 563 1716 595 et

241 633 324 669 gen.
352 620 520 668 Fungiae
546 621 778 669 adoptabant.

341 682 553 718 Secundum
581 682 647 718 cel.
674 681 727 717 de
756 679 1013 717 Blainville
1042 678 1080 715 in
1107 679 1223 715 classe
1249 679 1488 717 Zoanthaires
1514 680 1715 724 (Zoantha·

240 743 325 788 ria),
352 742 389 778 in
410 742 564 779 Familia
577 742 821 791 Madrepores
839 740 1119 789 (Madreporae)
1150 753 1232 788 gen.
1250 741 1454 789 Fungiae
1475 742 1593 785 habet,
1620 752 1714 789 quae

242 802 382 840 familia
407 803 453 839 ad
489 803 746 839 Actininorum
782 802 957 838 familiam
983 814 1100 851 prope
1126 801 1277 838 accedit.
1335 802 1573 838 Characteres
1599 803 1642 838 ab
1672 814 1715 837 eo

241 864 398 913 Fungiis
419 870 617 913 sequentes
644 864 880 901 tribuuntur:
905 864 1112 908 „Animal
1138 863 1347 911 gelatineux
1374 876 1422 900 ou
1444 864 1716 905 membraneux,

242 926 277 962 le
304 926 387 974 plus
415 931 574 961 souvent
607 925 761 974 simple,
796 925 980 974 deprime,
1017 924 1235 961 orbiculaire
1262 935 1314 961 ouv
1337 926 1460 969 ovale,
1497 931 1610 973 ayant
1645 936 1717 961 une

242 985 385 1022 bouche
426 986 645 1035 supe'rieure
673 992 884 1023 transverse
911 999 958 1023 au
987 985 1113 1022 milieu
1139 986 1224 1022 d'un
1251 987 1350 1035 large
1378 986 1528 1034 disque3
1563 992 1716 1021 convert

250 1046 336 1083 d'un
362 1048 475 1094 grand
503 1049 653 1084 nombre
682 1048 727 1084 de
754 1048 893 1084 cirrhes
920 1048 1235 1084 tentaculiformes
1264 1048 1338 1084 fort
1364 1059 1468 1095 grOS‚
1496 1052 1533 1082 et
1558 1044 1718 1081 solidifie

244 1108 334 1145 dans
362 1121 428 1144 son
455 1108 634 1146 interieur
670 1123 738 1159 par
769 1122 817 1146 un
844 1110 1077 1158 polypier
1105 1109 1267 1151 calcaire,
1294 1108 1422 1152 solide⁷
1449 1107 1592 1155 simple,
1617 1117 1716 1141 rare—

244 1175 345 1205 ment
371 1171 585 1218 complexe,
623 1177 735 1219 ayant
762 1184 807 1207 en
835 1172 966 1208 dessus
1002 1184 1075 1207 une
1109 1171 1219 1207 etoile
1258 1170 1398 1207 formee
1437 1181 1502 1217 par
1527 1180 1577 1204 un
1604 1166 1718 1215 grand

244 1231 394 1266 nombre
421 1231 467 1266 de
501 1232 664 1267 lamelles
698 1232 875 1268 radiaires
914 1231 1117 1274 herissees,
1156 1236 1194 1266 et
1220 1243 1265 1267 en
1301 1230 1456 1266 dessous
1484 1229 1530 1264 de
1564 1227 1715 1275 simplos

246 1303 381 1339 rayons
409 1295 615 1339 rugueux“.

344 1353 541 1389 Oculatiss.
575 1353 852 1402 Ehrenberg
891 1354 928 1390 in
956 1353 1215 1390 distributione
1251 1353 1531 1401 Zoophytorum
1558 1351 1718 1387 lamello-

246 1425 370 1449 sorum
395 1425 478 1461 gen.
506 1413 717 1461 Fungiae
745 1428 764 1452 a
791 1421 996 1452 ceterorum
1017 1415 1361 1463 Madreporinorum
1387 1413 1585 1461 generibus
1611 1413 1719 1460 plane

247 1473 453 1523 separavit,
492 1486 512 1509 e
540 1474 698 1521 Fungiis
726 1482 763 1512 et
795 1477 980 1513 nonnullis
1015 1477 1096 1513 aliis
1132 1476 1374 1512 coralliorum
1411 1473 1608 1522 generibus
1635 1484 1719 1520 pro-

198 1547 202 1551 ’
241 1535 363 1584 priam
391 1535 583 1571 Familiam
610 1536 806 1580 formavit,
845 1550 938 1585 quae
966 1550 1046 1573 cum
1086 1536 1339 1572 Actininorum
1367 1541 1404 1570 et
1430 1533 1717 1570 Zoanthinorum

247 1595 398 1632 familiis
425 1595 572 1631 Circulo
600 1596 829 1645 Polyporum
859 1598 987 1645 primo,
1015 1597 1251 1632 Anthozoa
1272 1598 1300 1637 ¹)
1329 1595 1436 1635 dicto,
1465 1594 1583 1630 ordini
1608 1592 1719 1640 hujus

248 1656 376 1692 circuli
402 1656 522 1704 primo
549 1656 854 1693 Zoocorallia
873 1660 904 1700 ²)
932 1657 1134 1701 nominato,
1164 1662 1201 1692 et
1227 1654 1358 1691 Tribui
1387 1654 1543 1703 primae,
1570 1655 1627 1690 cui
1655 1666 1718 1690 no-

249 1730 331 1753 men
349 1717 650 1754 Zoocorallia
676 1718 975 1766 Polyactinia
1002 1718 1114 1761 dedit,
1142 1715 1322 1765 adjunxit.
1374 1716 1589 1763 Sequuntur
1609 1713 1719 1762 hujus

249 1777 388 1812 ordinis
427 1777 587 1813 familiae
620 1777 683 1813 tali
723 1779 849 1814 modo:
891 1779 928 1823 l)
956 1778 1059 1814 Fam.
1086 1777 1327 1819 Actinin33
1367 1776 1408 1819 2)
1446 1775 1547 1811 Fam.
1582 1775 1717 1811 Zoan—

250 1837 400 1881 thina3
427 1836 469 1882 3)
497 1837 598 1872 Fam.
626 1837 909 1886 Fungina.—

348 1897 529 1934 Animalia
556 1898 724 1946 Fungiae
762 1899 1065 1946 (agariciformis)
1093 1898 1204 1947 primi
1231 1898 1297 1934 sed
1333 1898 1549 1947 imperfecte
1578 1904 1716 1933 tantum

276 2077 306 2116 ¹]
329 2077 528 2108 Characteres
550 2078 852 2109 Anthozoorum:
875 2078 934 2108 Ore
957 2078 1184 2117 ventriculoque
1207 2077 1363 2111 distinctis.
1386 2076 1457 2107 tubo
1471 2075 1583 2106 cibario
1602 2083 1719 2113 auoque

336 2128 467 2159 discreto
489 2129 594 2167 nullis,
619 2137 746 2168 corpore
770 2131 848 2159 iulus
872 2129 1010 2159 radiatim
1034 2130 1198 2160 lamelloso.
1242 2128 1394 2164 (Vibratio
1417 2127 1513 2164 nulla,
1534 2134 1669 2165 gemmae
1693 2130 1719 2154 ei

332 2185 499 2219 spontanea
522 2180 628 2210 divisio
648 2180 939 2219 frequentissimae).

276 2232 305 2267 2]
328 2232 527 2262 Characteres
548 2231 906 2262 Zoocoralliorum:
930 2232 1063 2270 Corpore.
1086 2236 1137 2262 aut
1159 2234 1279 2263 omnino
1301 2231 1391 2270 molli,
1414 2228 1720 2267 autCephalopodum

333 2291 417 2314 more
439 2284 518 2314 intus
540 2282 670 2322 lapidem
692 2287 856 2321 generante
881 2283 1079 2322 (secernente
1103 2292 1163 2314 non
1178 2281 1379 2321 exce-ruente)
1403 2282 1470 2312 hino
1489 2289 1581 2319 saepe
1604 2281 1722 2310 omnino

333 2333 430 2363 libera
452 2338 496 2366 et.
520 2339 643 2372 praeter
665 2334 806 2371 sormam,
840 2334 1012 2365 animalium
1036 2335 1230 2366 characteres
1253 2342 1357 2365 omnes
1379 2333 1542 2372 perfectius
1564 2332 1723 2362 servantia.
