1986 2679
852 248 1098 285 -19-

236 346 287 382 3⁰
314 351 351 382 et
377 347 503 394 plures
531 345 775 382 Coralliorum
802 343 982 392 genuinas
1010 344 1175 393 species,
1201 357 1295 393 quae
1321 345 1359 382 in
1387 346 1461 383 oris
1491 346 1712 397 Francogal-

236 406 307 443 liae
345 407 594 443 meridionalis
634 406 784 449 vivant,
823 405 999 441 nominat.
1050 405 1243 442 Illustriss.
1282 407 1441 444 Comes
1473 408 1529 444 de
1566 409 1710 466 Vilsse·

239 480 394 504 neuve
423 467 471 515 ⁴³)
510 466 604 502 circa
630 467 683 502 40
717 466 862 516 species
898 472 1083 512 numerat,
1123 480 1277 516 quarum
1306 470 1497 506 nonnullas
1524 475 1646 506 tamen
1672 470 1710 506 in

239 529 328 565 mari
355 529 623 565 mediterraneo
644 528 771 565 vivere
791 528 958 565 dubitare
985 541 1197 578 possumus,
1224 534 1265 565 ut
1282 529 1508 578 Tubiporam
1525 532 1713 576 musicam,

239 589 420 637 Fungiam
434 589 725 637 agariciformem
753 594 790 626 et
816 590 1024 637 Agariciam
1052 591 1280 627 cucullatam.
1331 591 1532 628 Praeterea
1559 593 1714 629 nonnul-

240 652 356 687 lorum
370 662 558 698 generum,
587 651 914 699 v.g.Sertulariae,
941 652 1124 688 Escharae
1143 657 1211 688 etc.
1237 657 1378 690 tantum
1404 666 1603 702 paucarum
1631 666 1715 702 spe-

239 712 378 749 cierum
407 713 627 749 mentionem
656 714 761 758 facit,
797 714 883 750 dum
911 713 1025 757 addit,
1053 726 1179 750 eorum
1208 715 1334 763 plures
1362 715 1505 764 species
1533 714 1653 750 adhuc
1678 715 1715 750 in

239 773 369 810 eodem
396 775 486 811 mari
514 775 686 811 inveniri.
738 775 881 812 Risso
898 778 949 818 ⁴¹⁴)
978 788 1077 819 vero,
1104 774 1211 824 cujus
1238 775 1465 821 auctoritate,
1492 788 1560 811 nec
1585 775 1622 810 in
1652 774 1715 810 de-

243 836 446 872 scribendis
480 849 546 873 nec
581 837 619 873 in
655 837 923 874 constituendis
961 837 1171 874 animalium
1211 837 1430 886 speciebus,
1481 835 1628 872 omnino
1663 835 1718 871 uti

238 909 348 945 posse
377 897 564 942 videmur,
604 897 751 934 circiter
793 898 867 933 120
896 897 1000 934 vivas
1029 898 1272 934 Coralliorum
1314 898 1459 946 species
1492 898 1601 933 mai-is
1639 910 1715 933 me—

242 956 458 1001 diterranei,
493 970 610 1006 prope
636 959 784 995 Nizzam
812 964 997 1008 repertas,
1025 959 1232 1007 descripsit.
1285 960 1362 995 Cel.
1389 957 1640 994 Bertoloni
1665 960 1715 999 ⁴¹5)

240 1018 387 1054 circiter
413 1020 464 1055 20
490 1019 634 1068 species
660 1020 698 1056 in
725 1025 835 1069 portu
863 1021 992 1057 Lunae
1020 1020 1210 1069 (Spezzia)
1237 1019 1378 1068 reperit
1412 1025 1449 1055 et
1476 1021 1541 1056 cel.
1573 1020 1718 1055 Cavo-

242 1079 329 1114 lini
359 1081 408 1122 46)
435 1079 474 1115 in
500 1080 584 1116 sinu
611 1081 843 1129 neapolitano
872 1082 923 1117 24
942 1082 1102 1129 species,
1131 1093 1285 1129 quarum
1314 1081 1405 1117 adeo
1427 1080 1474 1116 15
1493 1078 1719 1116 Sertulariae

241 1140 388 1187 generis
405 1141 548 1190 species
564 1147 659 1185 sunt,
687 1143 893 1191 descripsit.
921 1143 1151 1190 Diligentiss.
1166 1143 1302 1178 Delle
1329 1139 1552 1189 Chiaje47)
1574 1140 1719 1176 circiter

243 1201 294 1236 50
321 1202 450 1237 horum
479 1202 690 1239 animalium
708 1204 862 1252 species,
889 1217 1043 1252 quarum
1072 1204 1121 1239 17
1141 1203 1289 1252 generis
1311 1202 1536 1239 Sertulariae
1557 1206 1655 1246 sunt,
1681 1201 1718 1237 in

242 1262 332 1298 mari
359 1264 589 1311 neapolitano
615 1271 782 1313 repertas
804 1266 1009 1314 descripsit.
1037 1266 1080 1301 ln
1098 1264 1187 1301 mari
1210 1272 1366 1307 mortuo,
1387 1268 1540 1312 propter
1552 1274 1717 1310 magnam

243 1323 329 1358 salis
347 1323 500 1372 copiam,
529 1325 592 1360 vix
606 1326 774 1362 animalia
794 1326 922 1362 vivere
941 1339 1050 1375 posse
1065 1331 1215 1370 constat,
1243 1337 1472 1374 nequaquam
1486 1336 1585 1368 vero,
1604 1335 1717 1372 quan—

245 1391 320 1420 tuni
339 1384 424 1428 scio,
451 1384 607 1420 Corallia
635 1385 671 1420 in
700 1398 743 1421 eo
770 1386 1019 1422 inveniuntur.
1051 1386 1170 1422 Etiam
1197 1385 1234 1422 in
1256 1385 1346 1422 mari
1366 1385 1503 1435 caspio,
1533 1389 1628 1421 teste
1655 1385 1717 1421 cel.

246 1444 536 1480 Eichwaldio
558 1444 615 1492 ⁴³),
643 1445 706 1492 qui
734 1446 975 1482 clarissimum
998 1446 1116 1481 virum
1147 1446 1302 1482 Pallas
1329 1450 1513 1481 auctorem
1542 1446 1719 1493 sequitur,

247 1506 403 1542 Corallia
430 1518 501 1541 non
530 1505 652 1553 reperi
680 1506 875 1551 contendit,
909 1519 1128 1555 quamquam
1157 1507 1223 1542 cel.
1249 1507 1407 1543 Pallas
1435 1508 1505 1549 4⁹),
1532 1512 1573 1542 ut
1600 1506 1720 1549 video,

252 1628 295 1663 43)
320 1628 497 1666 Slatistique
521 1625 559 1657 du
589 1625 797 1665 departcment
820 1625 874 1656 des
902 1625 1240 1656 Bouclies-du—Rhone.
1285 1626 1367 1656 Tom.
1391 1626 1410 1656 1.
1452 1625 1613 1657 Marseille,
1638 1626 1721 1656 1821.

325 1681 352 1710 i,
375 1688 401 1718 p.
424 1679 490 1709 852.

251 1731 294 1766 Η)
318 1731 449 1761 Histoire
471 1733 568 1761 natur.
593 1729 646 1761 des
676 1729 859 1769 principales
892 1729 1089 1768 productioris
1113 1729 1150 1760 de
1173 1729 1313 1767 l'Europe
1347 1728 1544 1759 meridionale
1568 1733 1596 1758 et
1626 1730 1723 1766 parli-

328 1782 522 1813 culierenient
544 1782 581 1812 de
604 1782 696 1812 celles
719 1781 772 1812 des
802 1782 944 1812 environs
974 1780 1010 1811 de
1039 1781 1111 1810 Nice
1135 1784 1164 1810 et
1187 1780 1241 1810 des
1262 1780 1356 1819 Alpes
1378 1781 1552 1811 maritimes.
1584 1779 1664 1809 Toni.
1690 1780 1720 1809 V.

331 1834 395 1863 Par.
418 1834 501 1864 1826.
523 1834 550 1863 S.
574 1842 600 1871 p.
623 1834 688 1871 5077
711 1842 777 1872 sqq.

253 1885 299 1922 ⁴5)
322 1886 527 1915 Anioeiiitates
551 1884 685 1922 italicae,
717 1886 829 1915 sistens
852 1884 998 1922 opuscula
1020 1883 1058 1914 ad
1080 1891 1144 1914 rem
1167 1881 1338 1913 herbariam
1361 1885 1390 1913 et
1416 1882 1591 1920 Zoologiam
1620 1882 1721 1912 Italiae

327 1937 505 1975 spectantia.
547 1936 710 1966 Bononiae.
736 1936 818 1966 1819.
839 1937 866 1966 li.
888 1944 915 1974 p.
938 1936 1005 1974 246,
1027 1943 1093 1973 sqq.

253 1989 296 2024 ⁴⁶)
319 1987 563 2026 Abliandlungen
586 1987 660 2017 iiber
694 1987 932 2017 Pssanzenthiere
957 1986 1010 2017 des
1039 1986 1245 2018 Miltelmeers.
1287 1986 1351 2016 Aus
1380 1984 1447 2015 dem
1476 1984 1539 2015 Ital.
1568 1983 1723 2014 iibersetzt

334 2050 359 2069 v.
382 2040 427 2069 W.
451 2039 653 2077 Sprengel.
696 2037 856 2077 Niirnberg
879 2038 964 2069 1813.
986 2039 1013 2068 li.

256 2093 299 2128 Η)
322 2093 466 2122 Mcmoire
489 2092 567 2121 sulla
589 2092 682 2121 storia
695 2099 711 2121 e
724 2091 856 2121 nolomia
879 2090 960 2129 degli
982 2090 1104 2121 animali
1122 2098 1215 2120 senza
1230 2087 1370 2119 vertebra
1389 2087 1437 2118 del
1452 2095 1547 2127 regno
1566 2086 1595 2118 di
1606 2087 1722 2125 Napoli.

330 2145 412 2175 Toni.
436 2144 553 2174 1-1V.
595 2143 712 2182 Napoli.
738 2142 957 2173 1823—1829.
979 2144 1006 2173 ll.

257 2196 300 2232 ⁴⁸)
321 2196 553 2234 Bemerkungen
574 2194 650 2225 iiber
673 2194 727 2225 das
750 2195 913 2233 kaspische
935 2195 1027 2225 Meer.
1069 2193 1116 2223 In:
1140 2191 1387 2230 Wiegmann's
1409 2190 1521 2221 Archiv
1542 2190 1589 2220 sur
1610 2189 1723 2220 Natur—

332 2247 515 2286 geschichte.
557 2247 660 2285 Jahrg.
683 2247 729 2277 iv.
752 2247 821 2277 Heft
843 2247 869 2276 2.
911 2246 1020 2276 Berlin.
1046 2244 1128 2275 1838.
1149 2244 1176 2274 S.
1199 2252 1228 2282 p.
1252 2243 1316 2273 109.

256 2300 300 2335 ⁴⁰)
323 2298 412 2328 Rcise
435 2297 528 2328 durch
550 2297 768 2328 verschiedeue
786 2298 954 2328 Provinzen
977 2297 1030 2328 des
1053 2295 1229 2326 russischcn
1245 2294 1382 2326 Reiches.
1424 2292 1508 2323 Theil
1531 2293 1556 2322 1.
1598 2292 1724 2323 Peters—

333 2349 418 2388 burg.
444 2349 528 2379 1771.
551 2351 577 2379 [ι.
601 2358 628 2388 p.
651 2350 716 2379 479.
